2269 3561
276 217 370 265 100
769 214 824 261 C.
862 212 1210 261 SALLUSTI
1246 212 1485 260 CRISPI

269 311 378 362 que
407 293 555 346 locos
589 281 827 345 munitos
852 296 911 345 et
934 291 1038 344 sibi
1070 292 1238 358 utilis,
1273 292 1433 344 simul
1458 294 1516 344 et
1540 306 1794 358 magnam
1821 305 1986 358 pecu-

271 370 416 422 niam
436 369 710 434 amiserat,
729 368 801 421 ad
823 367 1095 421 Bocchum
1120 369 1341 421 nuntios
1361 367 1536 421 mittit
1553 383 1716 433 quam
1742 366 1985 433 primum

271 446 325 498 in
354 444 671 498 Numidiam
706 446 885 511 copias
919 444 1251 507 adduceret3
1289 444 1457 511 proeli
1491 443 1726 496 faciundi
1760 448 1987 511 tempus

269 522 476 574 adesse.
567 521 741 585 Quem
789 520 878 572 ubi
928 521 1172 573 cunctari
1222 521 1433 588 accepit
1471 525 1529 573 et
1570 519 1800 572 dubium
1848 514 1986 572 bel'li

270 602 437 666 atque
463 597 612 666 pacis
641 598 880 650 rationes
909 597 1146 664 trahere,
1182 614 1370 650 rursus
1396 600 1458 649 ut
1487 601 1652 649 antea
1683 612 1984 665 proxumos

270 671 389 740 ejus
416 673 572 726 donis
597 674 909 741 corrumpit,
925 673 1140 740 ipsique
1161 673 1354 726 Mauro
1377 673 1666 741 pollicetur
1687 672 1984 725 Numidiae

269 753 485 818 partem
516 750 756 816 tertiam,
786 750 829 801 si
865 757 961 801 aut
1002 749 1232 801 Romani
1272 749 1459 802 Africa
1497 748 1728 817 expulsi,
1766 752 1864 801 aut
1899 749 1983 800 in-

271 827 441 893 tegris
468 827 578 878 suis
604 826 800 878 finibus
817 825 1021 878 bellum
1040 826 1401 894 compositum
1417 826 1576 878 foret.
1637 825 1718 876 Eo
1736 825 1983 892 praemio

272 904 485 956 illectus
536 902 782 955 Bocchus
826 918 948 955 cum
997 918 1196 969 magna
1237 901 1589 955 multitudine
1638 902 1673 953 J
1679 900 1983 968 ugurtham

271 980 497 1032 accedit.
571 979 660 1031 Ita
683 977 963 1030 amborum
998 978 1245 1030 exercitu
1275 977 1563 1045 conjuncto
1595 978 1833 1029 Marium
1857 977 1981 1045 jam

270 1057 323 1107 in
350 1055 576 1108 hiberna
605 1054 1037 1121 proficiscentem
1066 1054 1153 1105 vix
1188 1053 1419 1107 decuma
1450 1059 1612 1121 parte
1641 1053 1733 1105 die
1764 1053 1983 1120 reliqua

271 1131 550 1197 invadunt,
593 1131 701 1183 rati
739 1133 967 1193 noctem,
1008 1146 1152 1198 quae
1180 1129 1298 1197 jam
1333 1130 1542 1196 aderat,
1584 1133 1641 1182 et
1678 1129 1836 1182 n’ctis
1876 1129 1983 1182 sibi

275 1209 608 1260 munimento
637 1207 766 1273 fore,
793 1210 851 1260 et
876 1206 921 1258 si
945 1207 1204 1258 vicissent
1237 1206 1384 1258 nullo
1414 1205 1822 1273 impedimento,
1848 1205 1982 1273 quia

273 1284 513 1336 locorum
539 1285 772 1336 scientes
791 1286 961 1348 erant,
980 1287 1169 1335 contra
1191 1282 1448 1335 Romanis
1470 1287 1764 1350 utrumque
1789 1298 1980 1334 casum

272 1362 327 1413 in
378 1360 619 1414 tenebris
659 1359 1012 1413 difficiliorem
1055 1359 1186 1411 fore.
1262 1358 1441 1426 Igitur
1479 1358 1636 1411 simul
1676 1359 1865 1411 consul
1907 1376 1980 1411 ex

273 1436 459 1489 multis
507 1436 578 1489 de
624 1436 860 1488 hostium
924 1435 1164 1488 adventu
1210 1435 1476 1502 cognovit,
1529 1439 1587 1488 et
1634 1436 1739 1503 ipsi
1787 1435 1980 1488 hostes

271 1513 515 1576 aderant,
540 1515 598 1564 et
622 1512 936 1580 priusquam
967 1511 1238 1563 exercitus
1268 1515 1363 1564 aut
1392 1511 1589 1564 instrui
1615 1517 1712 1564 aut
1736 1513 1979 1565 sarcinas

271 1589 539 1655 colligere,
555 1588 792 1656 denique
815 1591 1108 1653 antequam
1134 1588 1347 1654 signum
1372 1592 1467 1641 aut
1491 1588 1777 1656 imperium
1805 1589 1979 1641 ullum

271 1666 516 1734 accipere
556 1664 748 1732 quivit,
782 1664 994 1729 equites
1035 1663 1213 1716 Mauri
1250 1668 1419 1732 atque
1458 1663 1677 1717 Gaetuli
1715 1681 1822 1717 non
1861 1665 1981 1718 acic

272 1759 447 1812 neque
471 1740 580 1794 ullo
605 1757 755 1793 more
780 1739 968 1808 proeli,
994 1738 1090 1792 sed
1120 1741 1457 1807 catervatim,
1486 1740 1567 1795 uti
1594 1757 1841 1810 quosque
1865 1741 1981 1794 fors

272 1819 708 1887 conglobaverat,
743 1816 799 1868 in
835 1819 1051 1869 nostros
1089 1816 1387 1885 incurrunt,
1420 1817 1515 1886 qui
1549 1834 1736 1870 omnes
1770 1818 1981 1887 trepidi

271 1895 564 1963 improviso
598 1897 766 1960 metu,
804 1910 868 1945 ac
905 1896 1089 1945 tamen
1113 1893 1332 1946 virtutis
1371 1910 1653 1960 memores,
1690 1898 1788 1948 aut
1825 1912 1983 1949 arma

273 1971 579 2040 capiebant,
613 1973 711 2022 aut
748 1969 1013 2036 capientis
1049 1969 1185 2022 alios
1218 1969 1288 2021 ab
1320 1970 1568 2024 hostibus
1603 1971 1980 2039 defensabant,

278 2065 405 2116 pars
431 2064 599 2116 equos
621 2044 931 2111 escendere,
962 2044 1174 2097 obviam
1208 2046 1289 2098 ire
1315 2045 1577 2113 hostibuS,
1602 2065 1788 2116 pugna
1812 2048 1984 2101 latro-

278 2125 418 2177 cinio
458 2125 630 2190 magis
663 2138 824 2190 quam
864 2120 1070 2189 proelio
1109 2121 1303 2174 similis
1335 2122 1473 2191 fieri,
1509 2123 1625 2176 sine
1651 2124 1835 2191 signiS,
1862 2124 1982 2176 sine

278 2200 559 2253 ordinibus
594 2200 808 2266 equites
841 2197 1057 2266 pedites
1085 2198 1345 2265 permixti
1362 2220 1374 2263 3
1406 2199 1637 2252 caedere
1665 2199 1814 2266 alios>‚
1843 2200 1983 2253 alios

277 2277 632 2338 obtruncarc;
669 2275 868 2326 multos
887 2278 1076 2326 contra
1099 2273 1356 2327 advorsos
1382 2291 1662 2329 acerrume
1685 2278 1985 2343 pugnantis

276 2354 347 2406 ab
381 2357 538 2419 tergo
573 2350 990 2413 circumvenire;
1026 2366 1202 2417 neque
1227 2351 1403 2403 virtus
1436 2369 1613 2420 neque
1653 2369 1806 2405 arma
1844 2354 1984 2406 satis

279 2436 481 2497 tegere,
516 2427 664 2495 quod
696 2427 881 2478 hostes
918 2442 1144 2478 numero
1174 2427 1358 2494 plures
1389 2432 1446 2480 et
1476 2429 1722 2498 undique
1750 2431 1980 2483 circum-

277 2507 382 2559 fusi
420 2508 608 2568 erant;
666 2503 901 2569 denique
945 2502 1175 2554 Romani
1217 2506 1435 2557 veteres
1483 2504 1762 2574 [novique]
1811 2510 1870 2559 et
1909 2508 1983 2560 ob

278 2600 342 2636 ea
382 2582 618 2635 scien⁴es
656 2578 801 2643 belli,
843 2579 886 2629 si
928 2595 1062 2644 quos
1101 2578 1249 2631 locus
1287 2583 1383 2632 aut
1416 2598 1570 2635 casus
1603 2582 1982 2651 conjunxerat,

277 2658 425 2713 orbis
463 2658 656 2723 facere,
692 2659 858 2721 atque
885 2654 962 2707 ita
985 2654 1055 2706 ab
1079 2655 1328 2708 omnibus
1360 2658 1610 2725 partibus
1645 2658 1802 2710 simul
1844 2661 1983 2716 tecti

279 2739 336 2789 et
359 2733 612 2788 instructi
637 2731 874 2785 hostium
901 2731 1009 2783 vim
1035 2731 1431 2786 sustentabant.

383 2817 465 2865 98.
527 2809 720 2876 Neque
742 2808 796 2859 in
822 2823 886 2859 eo
913 2810 1024 2858 tam
1051 2823 1244 2873 aspero
1270 2810 1489 2875 negotio
1516 2810 1723 2863 Marius
1747 2812 1984 2865 territus

278 2891 376 2940 aut
414 2885 586 2953 magis
628 2900 789 2951 quam
838 2886 999 2934 antea
1047 2881 1280 2935 demisso
1328 2885 1507 2938 animo
1550 2887 1670 2954 fuit,
1709 2886 1808 2940 sed
1858 2905 1984 2942 cum

278 2968 461 3016 turma
500 2977 613 3026 sua,
659 2975 822 3027 quam
857 2974 923 3009 ex
966 2957 1291 3011 fortissumis
1338 2962 1510 3028 magis
1547 2980 1710 3030 quam
1753 2964 1985 3017 familia-

279 3037 522 3089 rissumis
554 3037 855 3102 paraverat,
880 3033 1064 3098 vagari
1101 3036 1299 3100 passim
1325 3053 1387 3088 ac
1412 3037 1573 3091 modo
1605 3039 1986 3094 laborantibus

279 3112 389 3162 suis
430 3124 759 3172 succurrere,
798 3107 959 3158 modo
1009 3108 1193 3173 hostia
1243 3109 1335 3162 ubi
1377 3115 1772 3168 confertissumi
1811 3116 1987 3171 obsti-

279 3185 479 3244 terant,
525 3182 810 3243 invadere3
865 3198 1027 3232 manu
1075 3185 1352 3239 consulere
1400 3188 1680 3256 militibus,
1725 3194 1986 3258 quoniam

278 3259 550 3324 imperare
588 3254 926 3307 conturbatis
972 3257 1223 3310 omnibus
1270 3275 1375 3313 non
1422 3268 1656 3330 poterat.
1742 3267 1987 3337 Jamque
