2269 3561
541 545 628 629 C.
710 541 1277 628 SALLUSTI
1369 541 1770 626 CRISPI

401 711 916 796 BELLUM
980 705 1896 794 JUGURTHINUM.

1041 909 1245 938 —4--

305 1053 348 1099 1.
403 1047 586 1102 FALso
611 1048 862 1118 queritur
886 1048 957 1102 de
982 1052 1180 1102 natura
1204 1066 1300 1102 sua
1322 1066 1495 1118 genus
1518 1049 1830 1116 humanum,
1853 1049 2008 1118 quod

300 1122 573 1178 imbecilla
608 1131 775 1194 atque
811 1126 933 1178 aevi
968 1125 1153 1179 brevis
1187 1125 1333 1178 forte
1373 1126 1557 1195 potius
1600 1143 1765 1194 quam
1800 1126 2007 1180 virtute

301 1205 537 1268 regatur.
625 1202 768 1255 Nam
811 1206 1000 1254 contra
1045 1202 1356 1271 reputando
1403 1219 1581 1270 neque
1630 1203 1808 1271 majus
1853 1202 2007 1256 aliud

301 1294 477 1345 neque
518 1277 898 1347 praestabilius
940 1278 1198 1342 invenias,
1233 1279 1515 1347 magisque
1552 1283 1783 1333 naturae
1817 1279 2005 1332 indus—

300 1354 460 1406 triam
485 1353 762 1407 hominum
786 1371 950 1422 quam
975 1355 1084 1407 vim
1109 1357 1207 1407 aut
1231 1358 1451 1424 tempus
1477 1355 1684 1409 deesse.
1753 1355 1864 1410 Sed
1888 1355 2005 1408 dux

300 1434 465 1496 atque
499 1430 799 1498 imperator
836 1431 979 1483 vitae
1011 1430 1323 1483 mortalium
1357 1432 1568 1484 animus
1598 1434 1696 1484 est.
1771 1432 1875 1496 Qui
1908 1431 2003 1484 ubi

299 1505 371 1558 ad
406 1506 636 1573 gloriam
678 1506 899 1559 virtutis
941 1506 1030 1559 via
1067 1510 1369 1574 grassatur,
1407 1507 1626 1561 abunde
1661 1508 1871 1577 pollens
1908 1524 2004 1575 po-

297 1585 528 1648 tensque
562 1586 621 1634 et
654 1581 832 1635 clarus
864 1585 965 1644 est,
989 1599 1166 1651 neque
1199 1583 1418 1636 fortuna
1451 1588 1609 1652 eget3
1643 1585 1846 1652 quippe
1878 1596 2004 1652 pro-‘-

298 1658 542 1725 bitatem,
585 1658 911 1712 industriam
955 1659 1196 1728 aliasque
1245 1660 1380 1713 artis
1428 1660 1598 1714 bonas
1645 1678 1824 1730 neque
1866 1661 2003 1714 dare

297 1752 474 1803 neque
499 1735 712 1804 eripere
736 1733 1035 1805 [cuiquam]
1060 1739 1275 1804 potest3
1313 1737 1393 1790 sin
1418 1741 1613 1807 captus
1641 1738 1823 1807 pravis
1852 1738 2003 1808 cupi·

297 1812 514 1866 dinibus
538 1811 610 1865 ad
643 1812 896 1865 inertiam
930 1816 987 1866 et
1011 1813 1319 1880 voluptates
1344 1814 1586 1882 corporis
1613 1814 2001 1884 pessumdatus

296 1892 397 1955 est,
416 1888 718 1957 perniciosa
736 1888 980 1941 lubidine
998 1889 1276 1957 paulisper
1292 1906 1440 1958 usuS,
1461 1890 1554 1943 ubi
1578 1908 1681 1959 per
1699 1891 2001 1945 secordiam

295 1965 453 2032 vires»,
496 1967 731 2033 tempuS,
762 1964 1052 2032 ingenium
1096 1964 1398 2033 diffluxere,
1441 1970 1670 2020 naturae
1711 1967 2002 2021 infirmitas

295 2045 612 2106 accusatur3
663 2058 815 2094 suam
853 2041 1083 2109 quisque
1118 2042 1330 2109 culpam
1375 2047 1627 2097 auctores
1666 2042 1737 2096 ad
1777 2045 2002 2112 negotia

294 2118 648 2171 transferunt.
721 2118 927 2183 Quod-si
964 2118 1275 2171 hominibus
1312 2118 1578 2172 bonarum
1617 2136 1801 2173 rerum
1844 2124 2001 2175 tanta

294 2211 423 2247 cura
450 2198 610 2261 esset,
637 2199 841 2263 quanto
872 2194 1055 2247 studio
1084 2194 1261 2248 aliena
1288 2212 1352 2249 ac
1381 2196 1514 2248 nihil
1544 2197 1831 2265 profutura
1862 2198 2001 2250 mul-

294 2274 523 2337 tumque
542 2272 708 2323 etiam
727 2270 1034 2339 periculosa
1049 2274 1265 2338 petunt,
1286 2288 1465 2338 neque
1482 2276 1808 2340 regerentur
1825 2274 2001 2341 magis

294 2363 456 2414 quam
494 2352 750 2414 regerent
789 2364 961 2413 casuS,
1001 2350 1060 2399 et
1097 2364 1162 2400 eo
1205 2348 1600 2415 magnitudinis
1636 2349 2001 2417 procederent

293 2423 375 2475 uti
400 2439 498 2490 pro
524 2422 845 2475 mortalibus
869 2422 1043 2490 gloria
1067 2424 1278 2477 aeterni
1302 2424 1515 2477 fierent.

397 2505 443 2551 2.
516 2499 658 2551 Nam
686 2500 766 2552 uti
789 2516 964 2568 genus
988 2498 1266 2553 hominum
1290 2502 1648 2570 compositum
1677 2518 1742 2555 ex
1769 2518 1999 2571 corpore

293 2579 350 2629 et
389 2576 568 2627 anima
606 2579 707 2643 est,
746 2577 825 2629 ita
866 2593 956 2629 res
995 2581 1221 2630 cunctae
1260 2578 1553 2645 studiaque
1592 2578 1771 2631 omnia
1811 2582 2001 2632 nostra

291 2652 532 2721 corporis
580 2652 700 2719 alia,
746 2653 852 2705 alia
895 2653 1059 2705 animi
1106 2656 1358 2707 naturam
1408 2659 1727 2722 sequuntur.
1817 2655 2002 2723 Igitur

291 2728 574 2796 praeclara
617 2730 798 2797 facies,
835 2746 1063 2796 magnae
1101 2729 1343 2796 divitiae,
1379 2730 1451 2782 ad
1494 2731 1593 2784 hoc
1634 2732 1716 2784 vis
1758 2732 2000 2799 corporis

291 2809 349 2858 et
381 2805 488 2858 alia
519 2805 899 2875 hujuscemodi
936 2806 1115 2859 omnia
1147 2806 1301 2859 brevi
1335 2806 1682 2872 dilabuntur3
1719 2812 1779 2862 at
1814 2808 2000 2875 ingeni

290 2882 511 2949 egregia
534 2882 776 2936 facinora
800 2882 941 2936 sicut
966 2882 1144 2935 anima
1166 2883 1494 2936 immortalia
1520 2888 1659 2937 sunt.
1711 2883 2000 2937 Postremo

290 2961 530 3025 corporis
572 2963 644 3012 et·
669 2959 921 3011 forttmae
959 2957 1225 3011 bonorum
1266 2963 1328 3012 ut
1366 2960 1583 3013 initium
1623 2960 1698 3013 sic
1739 2960 1861 3013 finis
1897 2963 1999 3021 est,

291 3034 578 3102 omniaque
606 3039 730 3088 orta
754 3033 1009 3087 occidunt
1042 3037 1100 3086 et
1129 3038 1291 3087 aucta
1324 3040 1646 3100 senescunt3
1682 3036 1893 3088 animus
1921 3034 2002 3087 in-

289 3112 594 3177 corruptuS,
630 3114 902 3176 aeternus,
937 3113 1117 3163 rector
1153 3110 1373 3163 humani
1409 3112 1639 3179 generis,
1677 3112 1794 3179 agit
1830 3117 1999 3178 atque

288 3183 457 3237 habet
482 3190 690 3252 cuncta,
715 3202 895 3253 neque
923 3186 1042 3254 ipse
1073 3185 1321 3239 habetur.
1396 3189 1515 3252 Quo
1548 3188 1723 3255 magis
1755 3187 2001 3256 pravitas

289 3277 478 3313 eorum
514 3261 838 3314 admiranda
873 3266 972 3329 est,
1010 3262 1104 3329 qui
1149 3262 1326 3317 dediti
1363 3264 1607 3333 corporis
1647 3264 1863 3331 gaudiis
1896 3278 2002 3329 per
