2269 3561
939 215 977 263 J
978 216 1357 266 UGURTHA.
1939 219 1998 270 79

401 302 481 351 64.
559 295 739 364 Igitur
775 294 872 349 ubi
915 296 1124 349 Marius
1162 295 1462 363 haruspicis
1503 295 1652 350 dicta
1692 295 1885 349 eodem
1923 296 2002 349 in-

294 372 526 427 tendere
549 372 715 437 videt,
746 388 855 440 quo
888 371 1086 441 cupido
1116 372 1278 425 animi
1314 372 1653 437 hortabatur,
1680 372 1749 425 ab
1775 372 2002 426 Metello

291 449 525 518 petundi
564 448 743 515 gratia
780 448 1092 501 missionem
1130 452 1303 516 rogat.
1381 448 1480 501 Cui
1527 465 1854 515 quamquam
1897 449 2003 501 vir-

292 528 400 590 tuS,
427 524 600 591 gloria
629 527 798 591 atque
832 524 940 576 alia
971 524 1214 591 optanda
1243 523 1400 577 bonis
1434 524 1782 592 superabant,
1816 527 2004 578 tamen

293 601 471 653 inerat
506 602 851 667 contemptor
881 600 1091 651 animus
1117 604 1177 652 et
1202 600 1473 667 superbia,
1506 617 1788 653 commune
1818 600 2006 654 nobili-

294 677 428 730 tatis
452 676 668 728 malum.
744 675 942 742 Itaque
973 675 1208 742 primum
1240 681 1541 729 commotus
1578 675 1797 730 insolita
1821 694 1882 730 re
1907 678 2005 730 mi-

294 752 405 805 rari
443 751 563 819 ejus
600 751 899 818 consilium,
936 755 993 804 et
1032 752 1188 819 quasi
1225 769 1327 820 per
1362 753 1653 806 amicitiam
1691 770 1911 806 monere
1936 771 2005 807 nc

295 833 410 883 tam
475 844 643 896 prava
700 828 984 896 inciperet,
1048 845 1156 881 neu
1223 846 1386 897 super
1442 829 1719 881 fortunam
1766 830 2006 882 animum

297 908 546 971 gereret;
599 920 705 956 non
756 904 936 957 omnia
989 904 1240 957 omnibus
1282 907 1555 973 cupiunda
1603 921 1752 970 esse;
1802 905 2006 958 debere

299 980 378 1032 illi
416 996 505 1033 res
546 996 669 1032 suas
712 980 845 1033 satis
884 980 1130 1047 placere3
1168 986 1443 1049 postremo
1468 985 1687 1035 caveret
1719 981 1779 1033 id
1817 983 2010 1050 petere

300 1072 333 1108 a
356 1056 554 1123 populo
581 1056 839 1122 RomanO,
867 1057 1017 1124 quod
1054 1057 1133 1109 illi
1166 1056 1296 1123 jure
1324 1061 1633 1125 negaretur.
1712 1058 2007 1126 Postquam

300 1131 433 1184 haec
458 1134 625 1199 atque
648 1132 754 1184 alia
779 1132 912 1185 talia
945 1133 1099 1199 dixit,
1130 1150 1314 1200 neque
1345 1134 1556 1186 animus
1587 1134 1729 1186 Mari
1754 1133 2008 1201 flectitur,

299 1207 581 1275 respondit
628 1207 724 1260 ubi
774 1208 1010 1277 primum
1059 1209 1331 1276 potuisset
1377 1226 1476 1276 per
1523 1210 1744 1276 negotia
1792 1209 2010 1277 publica

297 1284 568 1337 facturum
596 1301 716 1337 sese
742 1301 882 1351 quae
910 1288 1140 1351 peteret.
1215 1284 1302 1337 Ac
1341 1289 1535 1354 postea
1567 1285 1780 1351 saepius
1815 1284 2009 1337 eadem

297 1360 599 1430 postulanti
634 1360 811 1413 fertur
847 1360 1063 1427 dixisse,
1089 1378 1160 1413 ne
1195 1361 1486 1415 festinaret
1515 1360 1705 1424 abire}
1743 1360 1877 1413 satis
1901 1377 2012 1413 ma-

297 1440 426 1490 ture
466 1437 617 1490 illum
651 1454 772 1490 cum
807 1437 920 1489 filio
958 1453 1055 1489 suo
1089 1438 1432 1490 consulatum
1466 1438 1780 1505 petiturum.
1856 1437 1914 1490 Is
1948 1453 2011 1489 eo

298 1517 550 1582 tempore
574 1513 929 1566 contubernio
961 1513 1137 1581 patris
1173 1513 1380 1566 ibidem
1417 1512 1692 1566 militabat
1725 1529 1894 1565 annos
1918 1529 2012 1565 na-

298 1593 393 1643 tus
418 1590 633 1642 circiter
657 1590 880 1656 viginti;
916 1606 1057 1658 quae
1091 1607 1182 1643 res
1219 1590 1454 1643 Marium
1491 1607 1658 1658 quum
1682 1606 1782 1658 pro
1807 1591 2012 1642 honore

299 1682 465 1735 quem
502 1665 810 1732 affectabat,
849 1670 964 1721 tum
1005 1670 1196 1719 contra
1235 1667 1522 1719 Metellum
1548 1666 1900 1719 vehementer
1925 1682 2013 1718 ac-

299 1742 576 1798 cenderat.
650 1742 741 1796 Ita
773 1742 1028 1812 cupidine
1064 1748 1232 1811 atque
1269 1743 1352 1796 ira
1387 1742 1656 1813 pessumis
1693 1741 2014 1797 consultori-

298 1819 403 1873 bus
440 1821 693 1893 grassari,
738 1837 916 1889 neque
958 1821 1104 1874 facto
1145 1820 1256 1872 ullo
1307 1836 1487 1889 neque
1531 1820 1678 1874 dicto
1721 1818 2013 1881 abstinere,

297 1897 450 1965 quod
477 1897 637 1950 modo
661 1896 1008 1950 ambitiosum
1034 1898 1207 1960 foret;
1242 1898 1447 1950 milites
1473 1897 1669 1963 quibus
1694 1896 1747 1948 in
1775 1895 2014 1948 hibernis

299 1978 555 2041 praeerat
585 1973 790 2026 laxiore
825 1973 1054 2041 imperio
1094 1989 1259 2041 quam
1298 1977 1461 2025 antea
1493 1973 1713 2037 habere,
1738 1971 1886 2040 apud
1918 1987 2010 2024 ne-

299 2049 615 2115 gotiatores,
641 2066 871 2117 quorum
901 2066 1098 2116 magna
1123 2049 1421 2102 multitudo
1450 2049 1647 2102 Uticae
1681 2052 1814 2111 erat,
1840 2047 2016 2100 crimi-

299 2142 432 2178 nose
472 2125 630 2177 simul
668 2128 725 2178 et
764 2125 1049 2192 magnifice
1091 2127 1163 2177 de
1207 2124 1351 2178 bello
1385 2125 1564 2192 loqui:
1617 2124 1844 2177 dimidia
1887 2140 2014 2192 pars

301 2201 577 2254 exercitus
620 2201 664 2253 si
704 2201 806 2253 sibi
855 2201 1290 2269 permitteretur,
1329 2201 1514 2269 paucis
1563 2200 1758 2254 diebus
1807 2201 1842 2253 J
1852 2217 2014 2267 ugur-

300 2278 455 2331 tham
504 2278 559 2329 in
610 2278 817 2330 catenis
864 2277 1213 2344 habiturum;
1274 2278 1344 2330 ab
1390 2278 1720 2345 imperatore
1769 2277 2016 2330 consulto

300 2354 464 2420 trahi,
507 2353 654 2421 quod
701 2353 863 2406 homo
903 2354 1078 2406 inanis
1118 2357 1177 2407 et
1219 2355 1401 2421 regiae
1450 2352 1740 2423 superbiae
1782 2352 2015 2422 imperio

299 2429 462 2482 nimis
496 2429 777 2496 gauderet.
852 2429 1003 2493 Quae
1039 2430 1223 2483 omnia
1256 2430 1364 2482 illis
1398 2446 1463 2482 eo
1497 2430 1740 2483 firmiora
1763 2428 2019 2483 videban-

300 2509 411 2572 tur,
450 2505 601 2573 quod
638 2506 1006 2559 diuturnitate
1046 2505 1173 2558 belli
1209 2523 1299 2559 res
1328 2506 1611 2560 familiaris
1644 2509 2016 2574 corruperant,

302 2588 362 2635 et
386 2583 565 2635 animo
588 2583 828 2651 cupienti
855 2582 987 2635 nihil
1014 2583 1148 2635 satis
1173 2583 1479 2636 festinatur.

411 2664 492 2712 65.
556 2659 691 2711 Erat
715 2664 1006 2725 praeterea
1040 2658 1097 2711 in
1132 2658 1377 2711 exercitu
1409 2662 1597 2712 nostro
1632 2657 1877 2711 Numida
1901 2658 2020 2725 qni-

303 2735 449 2802 dam,
511 2736 729 2789 nomine
782 2735 990 2801 Gauda,
1046 2734 1440 2788 Mastanabalis
1492 2734 1650 2799 filius,
1697 2733 2019 2787 Masinissae

303 2829 488 2881 nepOS,
537 2829 702 2880 quem
751 2812 981 2880 Micipsa
1027 2815 1358 2865 testamento
1410 2810 1708 2863 secundum
1757 2809 2018 2862 heredem

306 2890 614 2956 scripserat,
648 2887 854 2941 morbis
890 2888 1167 2941 confectus
1198 2890 1256 2941 et
1290 2886 1360 2940 ob
1395 2903 1515 2940 eam
1549 2902 1796 2938 caussam
1833 2891 2017 2938 mente

304 2964 527 3032 paulum
566 2965 867 3017 imminuta.
940 2963 1038 3016 Oui
1079 2963 1340 3017 Metellus
1378 2963 1590 3031 petenti
1631 2978 1780 3014 more
1823 2978 2015 3028 regum

303 3046 369 3093 ut
404 3040 592 3094 sellam
624 3041 790 3109 juxta
824 3044 1072 3110 poneret,
1109 3041 1243 3093 item
1282 3044 1475 3108 postea
1512 3037 1792 3091 custodiae
1829 3054 2019 3090 caussa

305 3121 546 3170 turmam
595 3117 841 3185 equitum
906 3116 1289 3181 Romanorum,
1346 3119 1642 3182 utrumque
1705 3116 2018 3181 negaverat,

306 3193 585 3259 honorem,
628 3193 775 3261 quod
819 3208 1005 3246 eorum
1054 3191 1217 3243 modo
1268 3191 1407 3243 foret
1456 3207 1593 3258 quos
1636 3189 1868 3258 populus
1914 3188 2020 3239 Ro-

305 3285 501 3322 manus
537 3285 693 3337 reges
733 3267 1134 3337 appellavisset,
1170 3266 1519 3335 praesidium,
1556 3265 1705 3334 quod
1747 3267 2023 3318 contume-
