2269 3561
918 214 955 262 J
961 214 1338 263 UGURTHA.
1919 214 1979 263 97

272 312 430 349 secus
463 296 752 350 difficilem.
825 295 1080 364 Namque
1110 294 1258 347 haud
1296 295 1458 362 longe
1481 312 1514 348 a
1545 295 1766 348 flumine
1802 294 1982 347 Mulu-

271 372 388 438 cha,
433 373 584 441 quod
625 373 662 425 J
670 373 937 440 ugurthae
986 371 1295 439 Bocchique
1341 389 1570 439 regnum
1615 370 1980 439 disjungebat,

272 452 395 501 erat
444 450 591 502 inter
637 454 876 502 ceteram
923 448 1207 517 planitiem
1256 465 1411 500 mons
1459 464 1669 509 saxeuS,
1719 447 1981 500 mediocri

270 526 497 578 castello
532 526 663 579 satis
698 529 909 593 patenS,
950 525 1004 577 in
1042 524 1366 577 immensum
1403 524 1602 589 edituS,
1643 541 1749 576 uno
1788 540 1981 591 peran-

269 606 433 667 gusto
452 601 609 654 aditu
627 602 847 665 relicto;
882 618 1007 653 nam
1034 601 1212 653 omnis
1236 605 1433 654 natura
1453 599 1602 654 velut
1626 617 1789 667 opero
1813 604 1980 668 atque

271 676 526 729 consulto
555 694 830 745 praeceps,
905 677 1076 741 Quem
1107 677 1282 729 locum
1316 676 1537 743 Marius,
1563 676 1709 745 quod
1735 676 1808 729 ibi
1835 676 1981 744 regis

273 753 520 806 thesauri
560 756 730 819 erant,
771 771 981 806 summa
1010 754 1061 805 vi
1091 770 1287 821 capere
1324 753 1574 807 intendit.
1647 753 1757 806 Sed
1793 770 1858 806 ea
1891 769 1981 806 res

271 830 417 883 forte
443 846 610 897 quam
634 830 855 882 consilio
880 830 1073 882 melius
1096 833 1266 897 gesta.
1343 830 1484 882 Nam
1505 830 1727 883 castello
1744 830 1980 899 =virorum

271 909 442 973 atque
467 922 740 959 armorum
768 906 917 972 satis,
949 923 1148 973 magna
1172 907 1254 959 vis
1284 907 1541 959 frumenti
1567 910 1623 959 et
1648 906 1765 958 fons
1790 922 1978 973 aquae,

270 981 568 1049 aggeribus
594 982 946 1051 turribusque
972 987 1030 1036 et
1053 982 1172 1035 aliis
1195 983 1684 1036 machinationibus
1709 981 1857 1035 locus
1884 983 1981 1034 im-

271 1062 558 1127 portunus,
579 1060 688 1112 iter
711 1060 1129 1113 castellanorum
1155 1064 1443 1126 angustum
1472 1059 1768 1111 admo-{um
1789 1059 1976 1111 utrim-

272 1151 381 1203 que
421 1136 740 1203 praecisum.
813 1136 1021 1188 Vineae
1064 1153 1188 1188 cum
1238 1136 1447 1203 ingenti
1494 1135 1736 1203 periculo
1777 1135 1981 1188 frustra

273 1210 612 1279 agebantur;
648 1228 773 1264 nam
808 1229 973 1279 quum
1006 1229 1103 1264 eae
1138 1212 1299 1280 paulo
1329 1216 1717 1279 processerant,
1744 1211 1856 1278 igni
1884 1214 1980 1262 aut

272 1286 549 1355 lapidibus
588 1288 1111 1357 corrumpebantur3
1170 1288 1375 1341 milites
1421 1305 1598 1356 neque
1656 1304 1755 1356 pro
1814 1304 1978 1356 opere

273 1365 573 1417 consistere
611 1368 839 1433 propter
877 1364 1224 1433 iniquitatem
1258 1365 1377 1432 loci,
1409 1382 1584 1432 neque
1617 1364 1763 1417 inter
1795 1364 1979 1416 vineas

274 1440 392 1493 sine
443 1440 685 1508 periculo
728 1442 1144 1505 administrare;
1198 1445 1455 1508 optumus
1504 1441 1734 1509 quisque
1781 1439 1979 1493 cadere

273 1519 372 1569 aut
396 1516 639 1581 sauciari,
667 1518 865 1569 ceteris
893 1521 1070 1570 metus
1095 1518 1299 1584 augeri.

382 1599 461 1647 93.
539 1595 618 1645 At
645 1594 851 1646 Marius
880 1593 1066 1646 multis
1092 1593 1286 1646 diebus
1313 1597 1371 1646 et
1394 1592 1671 1646 laboribus
1695 1609 1978 1660 consump-

273 1669 348 1722 tis
381 1670 572 1722 anxius
607 1670 830 1722 trahere
860 1686 981 1722 cum
1016 1670 1197 1722 auimo
1230 1668 1388 1738 [suo],
1422 1669 1772 1723 omitteretne
1799 1670 1979 1738 incest

272 1750 408 1811 tum,
434 1746 685 1815 quoniam
711 1746 917 1800 frustra
942 1749 1077 1813 erat,
1095 1764 1165 1800 an
1189 1746 1463 1800 fortunam
1487 1746 1850 1815 opperiretur,
1871 1763 1980 1814 qua

273 1840 441 1892 saepe
465 1840 728 1892 prospere
757 1840 888 1876 usus
921 1823 1164 1892 [fuerat]
1243 1824 1394 1888 Quae
1426 1840 1596 1891 quum
1627 1823 1828 1875 multos
1861 1823 1980 1875 dies

271 1900 558 1968 noctisque
594 1903 847 1953 aestuans
880 1900 1131 1967 agitaret,
1167 1900 1310 1951 forte
1343 1899 1563 1967 quidam
1600 1898 1768 1965 Ligus
1793 1916 1859 1950 cx
1893 1914 1981 1950 co-

270 1975 525 2028 hortibus
572 1976 872 2029 auxiliariis
920 1976 1075 2028 miles
1123 1975 1423 2042 gregariuS,
1472 1974 1666 2027 castris
1719 1978 1980 2041 aquatum

271 2069 543 2119 egressuS,
578 2052 728 2104 haud
763 2053 948 2121 procul
985 2052 1054 2104 ab
1086 2052 1258 2104 latere
1293 2050 1518 2116 castelli,
1551 2050 1696 2118 quod
1730 2067 1981 2103 avorsum

271 2128 670 2196 proeliantibus
702 2134 838 2195 erat,
871 2130 1112 2180 animum
1144 2127 1387 2179 advortit
1416 2127 1560 2178 inter
1585 2143 1716 2177 saxa
1739 2143 1817 2191 re'i
1839 2126 1981 2179 entis

272 2204 547 2269 cochleas;
586 2221 814 2272 quarum
850 2222 1016 2272 quum
1054 2220 1217 2255 unam
1248 2207 1417 2270 atque
1441 2202 1687 2267 alteram,
1712 2202 1837 2253 dein
1863 2201 1981 2269 plu-

271 2297 361 2334 res
386 2283 621 2349 peteret‚
651 2280 833 2334 studio
857 2280 1082 2347 legundi
1116 2280 1379 2348 paulatim
1405 2295 1574 2347 prope
1607 2278 1679 2330 ad
1712 2295 1980 2332 summum

271 2357 475 2410 montis
515 2374 768 2424 egressus
807 2363 906 2411 est,
985 2356 1093 2410 Ubi
1132 2360 1422 2424 postquam
1455 2355 1801 2407 solitudinem
1826 2355 1983 2408 intel-

271 2434 424 2498 lexit,
451 2449 604 2485 more
627 2433 848 2486 humani
880 2433 1062 2501 ingeni
1097 2432 1295 2500 cupido
1329 2431 1566 2484 difficilia
1597 2431 1837 2484 faciundi
1871 2431 1983 2484 ani-

271 2526 423 2562 mum
450 2509 633 2563 vortit.
706 2511 778 2562 Et
814 2510 954 2562 forte
988 2510 1040 2561 in
1078 2526 1143 2561 eo
1178 2509 1295 2562 loco
1327 2508 1550 2577 grandis
1574 2508 1681 2561 ilex
1707 2507 1983 2560 coaluerat

271 2586 423 2638 inter
452 2602 596 2650 saxa,
630 2586 850 2654 paulum
884 2586 1047 2638 modo
1081 2602 1266 2653 prona,
1294 2586 1418 2638 dein
1454 2585 1595 2638 flexa
1626 2588 1796 2653 atque
1825 2589 1984 2636 aucta

272 2662 329 2714 in
355 2661 721 2728 altitudinem,
745 2680 853 2730 quo
886 2667 1083 2715 cuncta
1113 2663 1453 2729 gignentium
1488 2665 1685 2714 natura
1717 2662 1856 2723 fcrt3
1892 2676 1983 2712 cu-

264 2737 362 2806 jus
406 2737 574 2790 ramis
612 2738 789 2803 modo,
828 2738 990 2790 modo
1032 2738 1400 2791 eminentibus
1440 2738 1584 2789 saxis
1626 2737 1776 2788 nisus
1817 2737 1984 2801 Ligus

272 2813 487 2868 castelli
527 2814 807 2881 planitiem
849 2814 1155 2882 perscribit,
1198 2813 1345 2882 quod
1383 2813 1566 2866 cuncti
1601 2811 1875 2864 Numidae
1908 2811 1985 2864 in-

273 2890 417 2943 tenti
456 2889 849 2957 proeliantibus
888 2891 1133 2943 aderant.
1209 2889 1517 2956 Exploratis
1557 2887 1807 2940 omnibus
1842 2904 1984 2955 quae

274 2981 403 3019 mox
428 2966 550 3018 usui
577 2966 691 3019 fore
713 2966 963 3033 ducebat,
982 2966 1176 3019 eadem
1202 2965 1528 3033 regreditur,
1548 2981 1655 3016 non
1682 2970 1906 3030 temere,
1922 2968 1986 3017 ut

273 3041 618 3109 escenderat,
640 3041 738 3095 sed
763 3046 1042 3110 temptans
1065 3042 1246 3095 omnia
1265 3046 1322 3096 et
1347 3040 1796 3108 circumspiciens.
1872 3041 1986 3094 Ita·

275 3135 384 3185 que
422 3117 657 3170 Marium
693 3136 925 3188 propere
959 3118 1092 3185 adit,
1130 3123 1252 3172 acta
1287 3120 1494 3184 edocet,
1525 3117 1779 3170 hortatur
1815 3116 1886 3169 ab
1920 3133 1988 3170 ea

275 3197 437 3263 parto
472 3211 580 3261 qua
622 3195 740 3263 ipse
782 3195 1106 3249 escenderat
1145 3196 1425 3249 castellum
1466 3197 1734 3261 temptet3
1771 3192 1987 3261 pollice-

275 3275 370 3325 tur
397 3287 516 3323 sese
542 3271 753 3324 itineris
779 3272 1113 3341 periculique
1131 3271 1339 3323 ducem.
1403 3269 1612 3322 Marius
1636 3286 1758 3323 cum
1784 3268 1986 3333 Ligure
