2269 3561
226 215 287 266 24
717 214 772 261 C.
813 212 1162 261 SALLUSTI
1198 212 1432 261 CRISPI

224 294 480 347 abdicato
515 293 842 359 magistratu
869 291 1133 345 Lentulus
1175 292 1420 361 itemque
1451 294 1620 346 ceteri
1653 294 1706 346 in
1739 286 1926 347 liberis

225 365 488 421 custodiis
513 367 831 421 habeantur.
909 368 1104 436 Itaque
1130 368 1396 421 Lentulus
1425 368 1481 422 P.
1510 369 1742 422 Lentulo
1777 369 1928 437 Spin-

227 444 385 510 theri,
412 443 506 512 qui
532 448 647 496 tum
683 444 876 496 aedilis
903 449 1035 510 erat,
1065 443 1344 511 Cethegus
1379 444 1441 508 Q.
1471 445 1775 512 Cornificio,
1808 446 1928 498 Sta-

225 520 374 572 tilius
407 520 463 573 C.
495 521 727 572 Caesari.
754 520 1017 572 Gabinius
1048 520 1123 571 M.
1155 520 1366 586 Crasse,
1396 520 1706 588 CaepariuS,
1731 538 1855 573 nam
1879 521 1927 572 is

226 596 384 662 paulo
417 600 545 649 ante
570 612 638 648 ex
663 597 791 664 fuga
823 600 1092 649 retra2tus
1117 599 1254 663 erat,
1287 596 1380 649 Cn.
1410 596 1664 650 Terentio
1690 595 1928 650 senatori

224 672 535 725 traduntur.
1923 736 1924 739 Ἴ

202 732 302 811 ᾖ(
329 754 410 801 48.
504 748 728 802 Interea
772 749 964 815 plebes
1010 748 1385 816 conjuratione
1439 749 1730 816 patefacta,
1788 765 1928 817 quae

224 824 402 890 primo
435 824 633 893 cupida
664 841 849 877 rerum
882 842 1142 878 novarum
1178 825 1337 877 nimis
1362 825 1506 878 bello
1542 824 1791 893 finvebat,
1813 842 1927 878 mu-

227 904 344 953 tata
379 904 564 954 mente
603 901 871 954 Catilinae
907 902 1129 954 consilia
1165 901 1451 967 exsecrari,
1503 902 1817 955 Ciceronem
1854 901 1927 954 ad

224 976 433 1030 coelum
460 977 680 1043 tollere3
704 977 854 1030 velut
878 994 947 1029 ex
973 978 1237 1031 servitute
1264 981 1454 1046 erepta
1476 977 1734 1045 gaudium
1760 980 1927 1046 atque

226 1051 494 1105 laetitiam
520 1053 780 1121 agitabat.
851 1054 1104 1121 Namque
1130 1054 1237 1106 alia
1271 1053 1400 1106 belli
1424 1054 1666 1107 facinora
1689 1053 1927 1122 praedae

226 1129 399 1196 magis
436 1147 599 1197 quam
636 1129 971 1182 detrimento
1006 1130 1139 1196 fore,
1178 1130 1490 1183 incendium
1523 1146 1653 1182 vero
1689 1130 1925 1196 crudele,

226 1207 237 1251 ’ἰ
247 1206 645 1259 inmoderatum
693 1222 758 1259 ac
805 1206 908 1258 sibi
961 1222 1215 1259 maxume
1262 1205 1631 1259 calamitosum
1681 1206 1926 1274 putabat,

227 1282 427 1349 quippe
453 1282 537 1333 cui
564 1298 750 1335 omnes
778 1282 966 1349 copiae
989 1283 1045 1333 in
1077 1299 1180 1334 usu
1205 1281 1521 1349 quotidiano
1546 1286 1604 1335 et
1637 1283 1786 1335 cultu
1811 1300 1926 1335 cor-

226 1359 374 1424 poris
401 1365 571 1410 crant.

335 1434 465 1485 l'ost
508 1450 631 1486 eum
672 1432 815 1485 diem
859 1433 1081 1500 quidam
1121 1434 1179 1486 L.
1207 1435 1531 1503 Tarquinius
1568 1435 1640 1487 ad
1678 1438 1926 1488 senatum

226 1509 499 1562 adductus
547 1513 680 1571 erat,
726 1526 890 1576 quem
933 1509 1004 1562 ad
1046 1511 1335 1564 Catilinam
1385 1511 1818 1580 proficiscentem
1856 1528 1925 1563 ex

226 1585 421 1638 itincre
456 1589 755 1637 retractum
788 1585 1024 1638 aiebant.
1103 1588 1161 1638 Is
1191 1604 1355 1654 quum
1394 1604 1452 1639 se
1482 1586 1690 1640 diceret
1726 1587 1928 1640 indica-

226 1665 411 1715 turum
437 1662 507 1714 de
527 1660 912 1729 conjuratione,
940 1661 985 1714 si
1004 1661 1143 1715 fides
1166 1663 1382 1730 publica
1406 1663 1537 1716 data
1560 1666 1720 1719 esset.
1738 1662 1926 1730 jussus

225 1756 258 1791 a
291 1736 507 1791 consule
533 1753 671 1806 quae
700 1736 866 1790 sciret
896 1736 1126 1804 edicere,
1163 1738 1354 1792 eadem
1387 1739 1503 1793 fere
1532 1756 1671 1808 quae
1702 1739 1924 1793 Voltur-

227 1816 340 1868 cius
365 1814 435 1866 de
462 1814 668 1881 paratis
692 1814 970 1879 incendiiS‚
1002 1814 1073 1867 de
1101 1814 1271 1868 caede
1306 1814 1585 1882 bonorum,
1623 1816 1693 1869 de
1726 1815 1926 1870 itinere

226 1891 464 1944 hostium
492 1892 739 1942 senatum
766 1889 957 1954 docet3
982 1896 1270 1959 praeterea
1291 1909 1348 1946 se
1366 1893 1587 1944 missum
1614 1909 1646 1944 a
1671 1893 1745 1945 M.
1767 1892 1925 1945 Cras-

228 1985 286 2021 so
312 1968 405 2036 qui
432 1967 693 2021 Catilinae
712 1968 1006 2032 nuntiaret,
1032 1984 1101 2019 ne
1121 1984 1245 2020 eum
1274 1968 1536 2020 Lentulus
1566 1972 1624 2020 et
1650 1968 1928 2036 Cethegus

226 2045 428 2113 aliique
452 2061 520 2097 ex
546 2044 920 2112 conjuratione
944 2043 1268 2111 deprehensi
1298 2048 1588 2110 terrerent,
1614 2060 1790 2112 eoque
1816 2062 1927 2097 ma-

224 2123 307 2188 gis
344 2124 664 2189 properaret
700 2120 772 2172 ad
812 2119 1005 2172 urbem
1044 2120 1324 2184 accedere,
1362 2136 1468 2186 quo
1516 2124 1575 2173 et
1619 2125 1927 2173 ceterorum

225 2197 432 2250 animos
469 2197 722 2250 reficeret
759 2199 815 2249 et
851 2196 930 2249 illi
965 2195 1178 2248 facilius
1221 2214 1252 2250 e
1288 2197 1528 2265 periculo
1567 2197 1923 2264 eriperentur.

227 2273 340 2327 Sed
363 2272 458 2325 ubi
492 2272 817 2339 Tarquinius
844 2272 1100 2325 Crassum
1131 2273 1442 2338 nominavit,
1478 2273 1750 2325 hominem
1776 2272 1928 2325 nobi-

226 2349 348 2415 lem,
375 2350 643 2401 max··n1is
668 2347 889 2412 divitiis,
914 2365 1124 2400 summa
1147 2349 1407 2415 potentia,
1434 2349 1523 2401 alii
1548 2365 1663 2400 rem
1693 2349 1928 2402 incredi-

226 2425 387 2477 bilem
434 2425 554 2487 rati,
610 2441 738 2491 pars
779 2424 1000 2476 tametsi
1040 2441 1229 2476 verum
1278 2424 1697 2490 existumabant,
1741 2428 1927 2478 tamen

227 2501 356 2568 quia
392 2500 447 2552 in
477 2500 575 2551 tali
608 2506 854 2566 tempore
888 2502 1048 2552 tanta
1082 2501 1163 2551 vis
1199 2500 1431 2552 hominis
1468 2501 1637 2567 magis
1673 2501 1928 2554 leniunda

226 2593 389 2641 quam
426 2576 753 2642 exagitanda
789 2575 1093 2640 videbatur,
1140 2576 1385 2643 plerique
1429 2577 1624 2629 Crasso
1660 2594 1726 2629 ex
1765 2594 1927 2645 nego—

226 2652 320 2705 tiis
357 2652 586 2721 privatis
624 2651 854 2718 obnoxii,
892 2652 1230 2704 conclamant
1271 2652 1506 2705 indicem
1545 2651 1740 2706 falsum
1791 2671 1925 2720 esse,

228 2727 410 2796 deque
435 2744 499 2781 ea
528 2745 589 2780 re
615 2728 891 2795 postulant
915 2728 995 2780 uti
1029 2729 1315 2780 referatur.
1395 2729 1590 2797 ltaque
1614 2730 1926 2783 consulente

228 2803 490 2857 Cicerone
526 2804 782 2872 frequens
812 2808 1033 2857 senatus
1071 2804 1345 2857 decernit:
1377 2805 1634 2873 Tarquini
1670 2806 1926 2859 indicium

227 2881 425 2933 falsum
461 2880 651 2945 videri,
693 2897 924 2949 eumque
960 2880 1016 2932 in
1068 2881 1318 2951 vinculis,
1343 2882 1708 2949 retinendum,
1749 2898 1929 2949 neque

227 2957 459 3025 amplius
492 2960 826 3025 potestatem
852 2956 1178 3020 faciundam,
1211 2958 1310 3010 nisi
1343 2957 1414 3011 de
1443 2975 1506 3011 eo
1538 2958 1804 3011 indicaret
1841 2976 1928 3012 cu-

223 3033 316 3100 jus
342 3033 560 3086 consilio
595 3037 805 3086 tantam
831 3050 947 3086 rem
979 3038 1124 3086 esset
1159 3035 1434 3087 mentitus
1508 3036 1681 3088 Erant
1705 3052 1770 3089 eo
1794 3039 1929 3089 tem-

228 3126 361 3178 pore
385 3108 478 3177 qui
504 3109 898 3162 existumarent
922 3108 1180 3162 indicium
1210 3109 1343 3162 illud
1368 3126 1400 3162 a
1435 3110 1492 3162 P.
1524 3112 1793 3164 Autronio
1817 3128 1928 3164 ma-

229 3186 519 3247 chinatum,
557 3200 664 3251 quo
698 3185 905 3238 facilius
942 3186 1216 3253 appellato
1247 3185 1442 3238 Crasso
1478 3203 1577 3255 per
1612 3188 1927 3241 societatem

229 3261 454 3329 periculi
479 3260 717 3328 reliquos
739 3261 882 3314 illius
910 3262 1159 3329 potentia
1180 3265 1395 3329 tegeret
1411 3284 1423 3327 ;
1452 3263 1541 3315 alii
1576 3263 1929 3331 Tarquinium

83 3447 227 3471 *μ
