2269 3561
963 200 1379 253 JUGURTHA.
1926 207 2017 254 101

302 283 432 339 dies
456 289 811 355 consumptus
848 288 985 353 erat,
1023 302 1192 352 quum
1229 290 1412 339 tamen
1436 285 1654 338 barbari
1680 286 1811 338 nihil
1837 287 2023 341 remit-

303 364 445 428 tere,
470 365 655 429 atque,
684 362 768 414 uti
807 378 968 429 reges
1009 365 1418 429 praeceperant,
1450 365 1663 415 noctem
1688 379 1786 430 pro
1819 380 1878 416 se
1910 365 2020 417 rati

304 437 488 489 acrius
513 438 731 492 instare.
807 438 944 490 Tum
981 438 1189 490 Marius
1225 455 1292 490 ex
1328 439 1484 505 copia
1521 453 1702 490 rerum
1736 439 2019 493 consilium

304 510 497 578 trahit,
533 517 701 582 atque
736 515 822 568 uti
865 516 977 568 suis
1021 515 1268 583 receptui
1320 515 1467 567 locus
1506 518 1652 568 esset
1694 516 1842 569 collis
1882 517 2021 570 duos

303 589 639 658 propinquos
685 592 830 644 inter
877 608 936 644 se
985 594 1229 658 occupat,
1279 608 1509 658 quorum
1558 591 1613 643 in
1661 608 1770 644 uno
1823 595 2018 646 castris

304 682 500 733 parum
525 666 703 734 amplo
729 668 848 720 fons
873 684 1046 735 aquae
1078 684 1308 734 magnus
1342 671 1475 732 erat,
1510 667 1651 720 alter
1674 669 1796 721 usui
1821 685 2018 737 oppor-

304 745 488 806 tunus,
517 742 645 808 quia
669 759 866 810 magna
889 748 1047 810 parte
1072 743 1255 796 editus
1281 748 1339 797 ct
1364 760 1624 812 praeceps
1649 761 1821 813 pauca
1844 745 2019 798 muni-

304 821 495 870 menta
527 818 844 887 quaerebat.
920 820 1182 873 Ceterum
1223 819 1371 889 apud
1409 837 1604 888 aquam
1648 820 1854 874 Sullam
1893 839 2016 874 cum

303 893 584 961 equitibus
607 900 820 949 noctem
848 898 1058 964 agitare
1074 896 1271 963 jubet;
1308 898 1426 965 ipse
1451 897 1714 966 paulatim
1740 897 2019 966 dispersos

303 969 508 1023 milites
541 987 720 1039 neque
760 972 938 1025 minus
976 972 1226 1026 hostibus
1259 973 1599 1026 conturbatis
1623 974 1677 1026 in
1705 991 1870 1027 unum
1897 990 2020 1026 con-

302 1045 493 1113 trahit,
514 1047 639 1100 dein
666 1054 888 1101 cunctos
912 1048 1074 1121 pleno
1098 1049 1278 1117 gradu
1304 1050 1358 1101 in
1383 1050 1572 1102 collem
1601 1049 1867 1102 subducit.
1926 1050 2019 1102 Ita

303 1139 468 1189 reges
501 1122 603 1175 loci
640 1123 961 1178 difficultate
993 1126 1166 1178 coacti
1206 1126 1411 1194 proelio
1445 1125 1807 1192 deterrentur,
1837 1140 2018 1193 neque

303 1201 491 1251 tamen
513 1215 637 1252 suos
662 1200 875 1267 longius
899 1201 1051 1254 abire
1078 1203 1276 1266 sinunt,
1296 1202 1395 1254 sed
1413 1206 1647 1271 utroque
1672 1202 1807 1254 colle
1831 1201 2017 1254 multi-

302 1273 498 1327 tudine
531 1275 866 1329 circumdato
901 1277 1055 1330 effusi
1089 1277 1399 1331 consedere.
1474 1279 1614 1330 Dein
1644 1277 1848 1331 crebris
1881 1278 2017 1344 igni-

302 1350 408 1403 bus
446 1350 604 1404 factis
642 1351 963 1421 plerumque
1003 1354 1180 1407 noctis
1222 1353 1441 1407 barbari
1484 1370 1579 1406 suo
1616 1370 1766 1406 more
1808 1353 2015 1416 laetari,

302 1427 605 1492 exsultare,
659 1432 908 1497 strepere
956 1430 1206 1483 vocibus:
1280 1430 1383 1500 [et]
1433 1431 1537 1499 ipsi
1594 1429 1761 1483 duces
1805 1431 2017 1483 feroces

303 1503 434 1571 quia
461 1520 569 1557 non
599 1505 859 1572 fugerant
892 1522 993 1574 pro
1018 1506 1316 1560 victoribus
1344 1523 1521 1573 agere.
1596 1506 1706 1559 Sed
1731 1521 1795 1557 ea
1818 1514 2013 1559 cuncta

305 1578 570 1633 Romanis
617 1597 683 1633 ex
735 1580 980 1634 tenebris
1022 1587 1081 1635 et
1129 1582 1454 1637 editioribus
1500 1581 1631 1635 locis
1678 1582 1857 1635 facilia
1897 1583 2016 1635 visu

304 1671 613 1725 magnoque
638 1657 983 1711 hortamento
1009 1662 1180 1711 erant.

410 1739 491 1787 99.
565 1732 885 1787 Plurumum
911 1751 1039 1788 vero
1073 1736 1282 1790 Marius
1316 1735 1591 1805 imperitia
1619 1735 1858 1789 hostium
1889 1752 2013 1789 con-

302 1808 569 1877 firmatus,
611 1828 775 1878 quam
815 1828 1127 1865 maxumum
1174 1814 1450 1866 silentium
1492 1812 1682 1866 haberi
1724 1812 1902 1879 jubet,
1943 1830 2013 1865 ne

302 1885 461 1953 signa
497 1888 718 1955 quidem
757 1888 840 1941 uti
876 1906 978 1956 per
1002 1889 1214 1956 vigilias
1253 1890 1502 1942 solebant
1538 1906 1761 1953 canere3
1799 1890 2013 1956 deinde,

299 1963 397 2015 ubi
426 1963 519 2015 lux
553 1964 905 2032 adventabat,
943 1965 1172 2018 defessis
1196 1964 1314 2032 jam
1340 1965 1588 2018 hostibus
1614 1970 1672 2018 et
1697 1966 1858 2033 paulo
1882 1976 2011 2019 ante

300 2056 492 2092 somno
540 2042 732 2109 captia,
783 2043 853 2094 de
903 2042 1195 2110 improviso
1248 2042 1455 2108 vigileS,
1508 2042 1640 2094 item
1691 2042 2009 2102 cohortium,

298 2119 624 2183 turmarum,
642 2118 912 2185 legionum
941 2118 1211 2172 tubicines
1239 2119 1398 2170 simul
1425 2120 1600 2171 omnis
1626 2119 1780 2185 signa
1799 2135 2008 2185 canere,

298 2192 506 2245 milites
531 2193 822 2246 clamorem
847 2192 1041 2247 tollere
1065 2199 1236 2262 atque
1256 2195 1428 2261 portis
1453 2210 1755 2263 erumpere.
1829 2195 2008 2248 Mauri

298 2272 470 2337 atque
507 2270 725 2323 Gaetuli
758 2270 946 2338 ignoto
982 2275 1039 2323 et
1069 2270 1317 2324 horribili
1359 2271 1535 2324 sonitu
1578 2275 1805 2339 repente
1845 2273 2006 2325 exciti

296 2362 481 2412 neque
514 2347 719 2414 fugere,
752 2363 931 2415 neque
967 2363 1120 2399 arma
1148 2365 1357 2416 capere,
1384 2363 1559 2415 neque
1585 2349 1802 2400 omnino
1829 2349 2007 2401 facere

297 2426 396 2474 aut
425 2423 714 2489 providere
747 2424 1034 2491 quicquam
1071 2428 1357 2491 poterant3
1391 2424 1470 2477 ita
1498 2429 1722 2477 cunctos
1756 2425 2007 2493 strepitu,

225 2532 226 2537 =
296 2499 548 2563 clamore,
575 2500 720 2551 nullo
747 2500 1117 2565 subveniente,
1150 2502 1352 2553 nostris
1380 2501 1724 2566 instantibuS‚
1749 2501 2006 2565 tumultu,

295 2586 513 2628 terrore
538 2576 771 2629 formido
795 2578 952 2645 quasi
973 2578 1228 2630 vecordia
1252 2582 1488 2645 ceperat.
1554 2578 1801 2646 Denique
1821 2594 2006 2630 omnes

294 2651 403 2703 fusi
434 2652 748 2721 fugatiquc;
784 2670 937 2707 arma
970 2657 1027 2707 et
1061 2655 1214 2721 signa
1247 2655 1507 2708 militaria
1540 2655 1800 2722 pleraque
1834 2659 2006 2721 capt-2,

294 2728 590 2796 pluresque
630 2747 694 2783 eo
744 2730 950 2798 proelio
998 2747 1163 2799 quam
1213 2731 1461 2783 omnibus
1511 2729 1880 2798 superioribus
1928 2730 2006 2781 in-

294 2804 589 2873 terempti3
624 2823 746 2859 nam
774 2823 962 2859 somno
987 2812 1045 2859 et
1070 2811 1224 2860 metu
1248 2807 1466 2860 insolito
1491 2806 1754 2874 impedita
1779 2806 1919 2873 fuga.

407 2886 520 2934 100.
594 2882 731 2935 Dein
769 2883 992 2949 Marius,
1024 2883 1106 2936 uti
1134 2887 1405 2951 coeperat,
1434 2882 1490 2934 in
1515 2881 1744 2935 hiberna
1767 2883 2005 2950 proficis-

295 2957 458 3023 citur,
507 2975 646 3024 quao
687 2962 914 3027 propter
952 2966 1315 3013 commeatum
1351 2960 1409 3013 in
1447 2959 1661 3027 oppidis
1697 2958 2005 3011 maritumis

295 3049 466 3100 agere
489 3033 844 3099 decreverat3
880 3052 1055 3103 neque
1081 3040 1266 3089 tamen
1292 3038 1516 3090 victoria
1542 3052 1720 3089 secors
1744 3039 1840 3088 aut
1864 3036 2004 3088 inso-

294 3108 416 3161 lens
439 3109 633 3176 factus,
650 3111 746 3163 sed
773 3112 981 3178 pariter
1006 3116 1176 3180 atque
1194 3114 1246 3165 in
1268 3118 1559 3181 conspectu
1579 3112 1812 3165 hostium
1835 3113 2005 3180 quad-

294 3188 420 3238 rato
444 3185 662 3252 agmine
687 3186 955 3239 incedere.
1029 3188 1179 3242 Sulla
1206 3206 1328 3242 cum
1359 3190 1609 3257 equitatu
1635 3188 1784 3258 apud
1811 3187 2004 3242 dextn-

294 3277 432 3329 moe,
461 3261 520 3316 in
554 3262 771 3315 sinistra
804 3268 962 3331 parte
1005 3266 1072 3317 A.
1101 3266 1339 3320 Manlius
1376 3284 1498 3320 cum
1536 3264 1906 3319 funditoribus
1944 3268 2002 3318 et
