2269 3561
287 218 349 268 40
588 225 592 231 ’
785 217 842 265 C.
882 215 1228 264 SALLUSTI
1266 214 1502 262 CRISPI

284 299 367 352 his
406 297 649 351 moribus
688 300 819 366 quin
859 298 1067 351 divitiis
1105 301 1167 350 et
1208 297 1535 365 sumptibus,
1570 313 1678 349 non
1715 294 1999 364 probitate

283 391 464 447 neque
500 373 773 428 industria
808 391 927 427 cum
967 373 1271 441 majoribus
1308 374 1419 427 suis
1455 373 1787 427 contendat?
1829 374 1999 426 etiam

283 450 532 504 homines
559 451 697 519 novi,
723 451 815 518 qui
843 456 1009 504 antea
1031 467 1133 519 per
1159 450 1422 503 virtutem
1448 449 1595 503 soliti
1621 453 1779 503 erant
1803 449 2000 502 nobili-

287 531 459 580 tatem
486 526 820 591 antevenire,
850 527 1041 579 furtim
1071 531 1129 580 et
1164 543 1264 594 per
1297 526 1582 579 latrocinia
1616 526 1801 595 potius
1833 542 1999 593 quam

286 602 444 656 bonis
478 603 691 656 artibus
723 602 792 655 ad
830 603 1059 670 imperia
1092 606 1152 655 et
1184 602 1417 656 honores
1452 602 1733 668 nituntur3
1769 601 2000 670 proinde

286 680 442 748 quasi
475 682 735 746 praetura
764 683 823 732 et
855 679 1169 732 consulatus
1202 683 1371 746 atque
1404 678 1509 731 alia
1538 680 1717 732 omnia
1747 679 2001 747 hujusce-

287 755 436 809 modi
464 772 567 824 per
591 772 651 809 se
675 756 796 823 ipsa.
821 754 967 809 clara
993 760 1051 808 et
1075 756 1366 823 magnifica
1391 756 1516 820 sint,
1544 772 1606 808 ac
1635 772 1743 808 non
1768 755 2000 824 perinde

283 831 591 885 habeantur
615 836 678 884 ut
702 848 891 884 eorum
918 832 1011 899 qui
1040 849 1105 884 ea
1132 832 1409 884 sustinent
1432 831 1611 885 virtus
1636 835 1735 885 est.
1787 831 2000 884 Verum

286 925 389 975 ego
413 908 640 961 liberius
665 908 942 975 altiusque
966 909 1225 976 processi,
1250 908 1380 960 dum
1406 925 1495 961 me
1520 908 1761 962 civitatis
1784 924 2000 960 morum

285 985 442 1053 piget
465 984 795 1052 taedetque3
830 1000 976 1036 nunc
1000 983 1073 1036 ad
1099 985 1377 1051 inceptum
1403 984 1585 1039 redeo.

216 1060 319 1193 s
393 1066 439 1113 5.
514 1060 727 1113 Bellum
762 1061 1069 1128 scripturus
1104 1078 1238 1123 sum,
1272 1060 1423 1129 quod
1454 1062 1686 1129 populus
1721 1060 2000 1115 Romanus

287 1153 411 1190 cum
453 1136 490 1189 ‚J
494 1136 734 1204 ugurtha
775 1153 907 1204 rege
955 1136 1320 1190 Numidarum
1360 1137 1544 1204 gessit,
1593 1137 1826 1206 primum
1870 1138 2001 1206 quia

288 1229 544 1281 magnum
579 1218 638 1266 et
671 1217 830 1266 atrox
867 1214 1124 1280 variaque
1149 1213 1379 1266 victoria
1401 1213 1524 1280 fuit,
1551 1212 1679 1266 dein
1713 1214 1841 1281 quia
1867 1217 2001 1267 tunc

287 1290 525 1357 primum
554 1289 843 1358 superbiae
868 1264 1568 1369 nobilitatiibpyjfflqm
1596 1294 1693 1352 est,
1713 1307 1853 1357 quae
1877 1307 2001 1343 con-

290 1367 467 1419 tentio
494 1366 680 1418 divina
704 1369 761 1418 et
784 1365 1023 1418 humana
1047 1370 1246 1419 cuncta
1276 1366 1596 1434 permiscuit
1621 1382 1794 1433 eoque
1819 1383 2002 1419 vecor-

288 1443 415 1495 diae
438 1443 722 1510 processit,
742 1442 825 1494 uti
852 1442 1048 1495 studiis
1073 1441 1323 1494 civilibus
1347 1441 1549 1494 bellum
1578 1447 1745 1508 atque
1769 1442 2001 1495 vastitas

291 1518 486 1572 Italiae
520 1520 680 1571 finem
724 1519 943 1571 faceret.
1017 1518 1127 1571 Sed
1161 1519 1481 1587 priusquam
1514 1518 1889 1586 hujuscemodi
1918 1519 2000 1571 rei

286 1595 501 1648 initium
538 1595 785 1662 expedio,
820 1611 994 1663 pauca
1030 1611 1196 1662 supra
1230 1600 1495 1662 repetam,
1533 1610 1641 1662 quo
1673 1594 1745 1647 ad
1778 1611 2001 1662 cognos-

287 1670 522 1724 cendum
547 1671 727 1723 onmia
751 1671 985 1724 illustria
1010 1671 1185 1738 magis
1211 1672 1493 1739 magisque
1517 1671 1571 1723 in
1598 1677 1792 1739 aperto
1817 1672 1940 1726 sint.

395 1747 554 1802 Bello
605 1747 807 1801 Punico
855 1747 1109 1812 secundo,
1156 1764 1263 1817 quo
1314 1747 1425 1801 dux
1469 1747 2001 1815 Carthaginiensium

294 1824 570 1879 Hannibal
613 1830 739 1892 post
777 1824 1211 1891 magnitudinem
1254 1825 1487 1878 nominis
1530 1825 1759 1877 Romani
1805 1825 2003 1879 Italiae

289 1919 421 1970 opes
457 1918 713 1955 maxume
749 1901 1055 1972 attriyenat,
1092 1902 1386 1954 Masinissa
1422 1919 1520 1954 rex
1553 1902 1915 1954 Numidarum
1944 1903 2001 1954 in

290 1979 586 2031 amicitiam
624 1973 891 2045 rcceffis'
916 1995 948 2029 a
986 1977 1043 2030 P.
1074 1978 1343 2046 Scipione,
1384 1979 1470 2031 cui
1505 1981 1698 2046 postea
1737 1979 2002 2031 Africano

290 2073 589 2123 cognomen
627 2072 697 2108 ex
734 2055 940 2108 virtute
980 2054 1099 2120 fuit,
1137 2055 1310 2107 multa
1347 2060 1405 2108 et
1437 2054 1716 2123 praeclara
1747 2055 1830 2107 rei
1864 2055 2002 2107 mili-

292 2133 424 2185 taris
464 2132 701 2185 facinora
735 2132 957 2198 fecerat,
993 2130 1063 2183 ob
1092 2148 1233 2199 quae
1263 2130 1424 2183 victis
1461 2130 2002 2197 Carthaginiensibus

291 2213 349 2262 et
386 2212 545 2277 capto
583 2208 842 2275 Syphace,
881 2207 1039 2274 cujus
1072 2207 1127 2259 in
1168 2207 1356 2259 Africa
1391 2224 1647 2273 magnum
1685 2212 1852 2274 atque
1888 2207 2002 2261 late

291 2284 580 2353 imperium
617 2284 804 2350 valuit,
841 2284 1075 2352 populus
1121 2283 1417 2349 RomanuS,
1458 2300 1811 2352 quascunque
1850 2284 2003 2337 urbis

293 2365 350 2414 ct
376 2377 536 2427 agros
562 2377 726 2412 manu
752 2364 993 2427 ceperat,
1017 2359 1136 2426 regi
1163 2359 1305 2411 dono
1332 2358 1503 2412 dedit.
1561 2360 1740 2426 Igitur
1764 2360 2004 2413 amicitia

294 2437 617 2490 Masinissae
652 2437 795 2488 bona
828 2440 998 2502 atque
1034 2436 1268 2488 honesta
1302 2435 1460 2488 nobis
1492 2438 1818 2503 permansit:
1857 2435 2002 2505 [sed]

293 2514 488 2580 imperi
514 2513 771 2579 vitaeque
798 2511 916 2578 ejus
942 2512 1067 2564 finis
1093 2511 1241 2564 idem
1266 2511 1386 2565 fuit.
1438 2512 1580 2563 Dein
1605 2512 1833 2579 Micipsa
1857 2513 2001 2565 filius

294 2607 522 2656 regnum
549 2588 695 2641 solus
720 2588 971 2650 obtinuit,
1000 2587 1379 2640 Mastanabale
1405 2595 1463 2641 et
1483 2588 1716 2640 Gulussa
1739 2588 2002 2641 fratribus

295 2667 482 2719 morbo
517 2665 839 2732 absumptis,
914 2664 972 2716 Is
1009 2663 1384 2717 Adherbalem
1422 2668 1480 2717 et
1520 2664 1892 2729 Hiempsalem
1931 2681 2002 2718 ex

296 2759 414 2796 sese
436 2742 646 2810 genuit,
672 2741 1134 2809 Jugurthamque,
1168 2741 1337 2793 filium
1374 2739 1766 2793 Mastanabalis
1793 2740 1999 2807 fratris,

295 2836 456 2887 quem
483 2818 786 2884 Masinissa,
805 2817 952 2884 quod
978 2821 1130 2869 ortus
1158 2834 1224 2869 ex
1246 2815 1542 2869 concubina
1568 2820 1701 2880 erat,
1726 2817 2001 2885 privatum

296 2896 609 2962 reliquerat,
635 2894 830 2948 codem
859 2894 1008 2946 cultu
1035 2910 1143 2960 quo
1169 2892 1371 2945 liberos
1397 2909 1522 2943 suos
1549 2892 1695 2944 domi
1721 2891 1928 2946 habuit.

403 2977 449 3023 6.
517 2970 618 3031 Qui
652 2970 743 3023 ubi
773 2970 1009 3037 primum
1037 2969 1294 3035 adolevit,
1319 2968 1528 3040 pollens
1554 2968 1772 3034 viribnS,
1801 2969 2002 3023 decora

295 3047 446 3111 facie,
483 3046 581 3098 scd
618 3047 790 3099 multo
827 3062 1082 3098 maxume
1117 3045 1333 3112 ingenio
1366 3044 1593 3108 validus,
1630 3061 1735 3096 non
1775 3062 1833 3098 se
1869 3047 2002 3098 luxu

296 3139 475 3190 neque
501 3123 729 3175 inertiae
754 3122 1214 3190 corrumpendum
1241 3120 1413 3183 dedit,
1435 3121 1548 3184 sed,
1576 3121 1654 3173 uti
1681 3137 1798 3173 mos
1821 3123 2001 3188 gentis

298 3198 441 3252 illius
472 3203 571 3262 est,
602 3199 867 3265 equitare,
896 3197 1143 3264 jaculari,
1173 3213 1336 3250 cursu
1374 3213 1497 3248 cum
1532 3197 1849 3264 aequalibus
1884 3213 2001 3250 cer-

298 3278 435 3341 tare,
477 3276 535 3326 et
576 3289 743 3340 quum
788 3273 960 3325 omnis
1004 3272 1180 3342 gloria
1221 3273 1475 3330 anteiret.
1517 3272 1768 3325 omuibus
1815 3278 2002 3327 tamen
