2269 3561
293 198 356 246 44
787 196 841 242 C.
881 192 1229 244 SALLUSTI
1266 193 1498 242 CRISPI

296 278 399 330 mis
443 277 596 330 annis
641 275 994 345 adoptatione
1041 274 1096 326 in
1144 290 1370 340 regnum
1418 271 1749 341 pervenisse.
1840 268 2002 335 Quod

296 355 518 406 verbum
545 355 601 406 in
626 357 820 421 pectus
839 351 1151 417 Jugurthae
1176 351 1340 403 altius
1358 367 1520 418 quam
1541 351 1830 418 quisquam
1845 352 2002 401 ratus

296 430 461 499 [erat]
499 429 798 483 descendit.
874 429 1071 496 ltaque
1108 445 1178 481 ex
1215 445 1280 481 eo
1330 432 1579 496 tempore
1626 428 1706 479 ira
1754 431 1811 478 et
1849 428 2002 477 metu

297 508 490 560 anxius
516 506 709 572 moliri,
734 522 930 573 parare
953 510 1126 573 atque
1151 522 1217 558 ea
1241 505 1403 557 modo
1436 523 1561 558 cum
1594 505 1771 557 animo
1797 503 2003 555 habere

297 583 494 650 quibus
530 583 816 651 Hiempsal
847 598 945 650 per
974 581 1161 634 dolum
1197 587 1500 649 caperetur.
1574 582 1726 644 Quae
1766 580 1860 633 ubi
1889 583 2003 632 tar-

298 659 423 713 dius
469 659 778 728 procedunt
837 675 1013 727 neque
1072 658 1278 710 lenitur
1331 659 1542 711 animus
1589 658 1758 724 feroit,
1806 655 2005 709 statuit

298 737 488 803 quovis
524 735 685 788 modo
722 736 999 802 inceptum
1037 735 1316 804 perficere.

408 817 485 864 12.
559 811 742 864 Primo
768 815 1053 877 conventu,
1080 827 1244 879 quem
1275 812 1344 863 ab
1370 810 1576 877 regulis
1607 811 1814 866 factum
1839 827 2007 879 supra

299 888 610 954 memoravi,
631 891 858 956 propter
878 888 1269 940 dissensionem
1295 887 1577 956 placuerat
1594 887 1764 941 dividi
1788 888 2006 942 thesau-

302 980 390 1016 ros
429 964 662 1032 finisque
705 963 899 1033 imperi
946 965 1169 1032 singulis
1206 965 1475 1018 constitui.
1548 965 1747 1033 Itaque
1786 968 2006 1035 tempus

300 1040 371 1093 ad
407 1045 699 1108 utramque
737 1058 853 1095 rem
891 1042 1220 1107 decernitur,
1269 1040 1367 1093 sed
1414 1041 1683 1094 maturius
1729 1041 1801 1093 ad
1845 1058 2006 1110 pecu-

302 1118 448 1170 niam
473 1118 921 1172 distribuendam.
998 1118 1197 1185 Reguli
1225 1119 1435 1171 interea
1468 1118 1522 1170 in
1559 1117 1677 1171 loca
1700 1119 2008 1188 propinqua

302 1194 573 1248 thesauris
596 1195 732 1248 alius
758 1196 861 1248 alio
889 1212 1217 1248 concessere.
1273 1194 1384 1247 Sed
1412 1194 1698 1263 Hiempsal
1723 1195 1775 1247 in
1803 1194 2007 1263 oppido

305 1270 584 1322 Thirmida
619 1271 761 1324 forte
796 1272 916 1339 ejus
950 1272 1111 1324 domo
1146 1272 1420 1336 utebatur,
1456 1271 1550 1338 qui
1582 1288 1881 1339 proxumus
1913 1270 2009 1324 lic-

303 1351 392 1398 tor
435 1346 745 1414 ‚Iugurthae
799 1365 956 1401 carus
1008 1355 1375 1416 acceptusque
1424 1348 1475 1400 ei
1524 1364 1741 1417 semper
1793 1348 2009 1412 fuerat;

305 1441 469 1489 quem
492 1423 583 1475 ille
609 1440 735 1476 casu
770 1425 1077 1477 ministrum
1112 1425 1354 1476 oblatiun
1389 1424 1673 1494 promissis
1698 1428 1889 1477 onerat
1914 1424 2009 1475 im·

304 1498 583 1566 pellitque,
619 1500 717 1566 uti,
758 1504 1038 1568 tamquam
1076 1517 1226 1553 suani
1267 1503 1445 1553 visens
1483 1500 1704 1552 domum
1742 1504 1847 1566 eat,
1887 1517 2011 1568 por-

307 1579 486 1627 tarum
524 1576 688 1628 clavis
727 1575 1064 1629 adulterinas
1106 1581 1280 1644 paret,
1319 1594 1444 1629 nain
1481 1593 1642 1629 verae
1672 1576 1744 1628 ad
1787 1576 2013 1644 Hiemp-

307 1651 473 1705 salem
529 1653 922 1720 refcrebantur,
977 1656 1239 1712 ceterum,
1296 1652 1390 1707 ubi
1442 1670 1531 1706 res
1580 1653 1901 1722 postularet,
1953 1670 2014 1706 se

308 1729 482 1797 ipsum
520 1746 642 1782 cum
679 1745 875 1797 magna
911 1746 1074 1782 manu
1109 1735 1415 1785 venturum.
1484 1731 1533 1784 N
1539 1729 1726 1783 umida
1754 1729 2014 1784 mandata

309 1805 460 1858 brevi
504 1806 721 1858 conficit
764 1810 932 1874 atque
972 1808 1055 1859 uti
1094 1806 1290 1860 doctus
1332 1812 1453 1862 erat
1492 1812 1658 1861 noctu
1698 1808 1735 1859 J
1741 1807 2014 1874 ugurthae

308 1883 507 1935 milites
551 1882 866 1936 introducit.
958 1884 1061 1947 Qui
1113 1887 1405 1952 postquam
1451 1884 1507 1935 in
1553 1883 1705 1937 aedis
1749 1884 2014 1952 irrupere,

311 1959 510 2011 divorsi
548 1976 733 2026 regem
772 1976 1052 2028 quaerere,
1091 1960 1416 2013 dormientis
1465 1960 1613 2028 alios,
1660 1960 1793 2013 alios
1830 1976 2016 2012 occur-

309 2037 479 2090 santis
505 2036 829 2103 interficere,
855 2036 1086 2088 scrutari
1121 2036 1238 2088 loca
1263 2036 1468 2101 abdita,
1504 2036 1686 2089 clausa
1710 2036 2017 2103 effringere,

310 2114 545 2180 strepitu
604 2117 663 2166 et
724 2114 967 2166 tumultu
1028 2112 1210 2165 omnia
1269 2114 1501 2166 miscere
1562 2129 1732 2181 quum
1791 2112 2018 2165 interim

313 2189 595 2258 Hiempsal
636 2191 909 2257 reperitur
933 2189 1213 2242 occultans
1240 2206 1359 2242 sese
1396 2190 1618 2257 tugurio
1654 2189 1899 2243 mulieris
1923 2206 2019 2242 an·-

284 2263 478 2332 ‘cillae,
524 2283 631 2334 quo
673 2267 829 2319 initio
877 2265 1109 2333 pavidus
1153 2269 1211 2319 et
1259 2266 1482 2333 ignarus
1533 2265 1636 2318 loci
1682 2266 2016 2335 perfugerat.

311 2342 584 2394 Numidae
630 2346 793 2409 caput
846 2341 979 2410 ejus,
1026 2342 1109 2396 uti
1151 2340 1294 2410 jussi
1341 2347 1514 2409 erant,
1563 2341 1636 2395 ad
1683 2342 1721 2394 J
1727 2342 2021 2410 ugurtham

311 2419 570 2471 referunt.
1625 2467 1634 2470 -

419 2500 496 2548 13.
571 2494 829 2548 Ceterum
865 2495 1010 2550 fama
1033 2495 1178 2551 tanti
1213 2494 1466 2549 facinoris
1499 2513 1601 2565 per
1625 2511 1841 2548 omnem
1873 2495 2023 2548 Afri-

311 2588 430 2624 cam
464 2570 617 2623 brevi
657 2571 1002 2639 divolgatur3
1053 2571 1428 2625 Adherbalem
1467 2572 1753 2640 omnisque
1789 2572 1883 2639 qui
1920 2570 2023 2625 sub

309 2647 536 2715 imperio
566 2647 831 2715 Micipsae
865 2648 1083 2702 fuerant
1118 2652 1299 2700 metus
1328 2648 1568 2711 invadit;
1604 2649 1659 2700 in
1687 2648 1824 2701 duas
1850 2648 2026 2717 partis

312 2724 602 2777 discedunt
627 2723 676 2775 N
680 2724 928 2789 umidae3
963 2726 1148 2793 plures
1176 2723 1549 2777 Adherbalem
1578 2727 1898 2792 sequuntur,
1926 2724 2026 2777 sed

314 2798 464 2850 illum
501 2799 736 2852 alterum
776 2799 919 2854 bello
966 2801 1234 2854 meliores.
1325 2800 1507 2867 Igitur
1543 2801 1580 2854 J
1585 2800 1823 2868 ugurtha
1859 2816 2027 2869 quam

311 2891 593 2929 maxumis
638 2881 823 2945 potest
868 2880 1049 2948 copias
1095 2881 1288 2945 armat,
1337 2876 1491 2930 urbis
1538 2879 1740 2948 partim
1785 2877 1849 2940 vi,
1892 2878 2027 2931 alias

315 2953 593 3006 voluntate
610 2954 837 3021 imperio
854 2972 951 3007 suo
975 2956 1244 3023 adjungit,
1264 2955 1410 3009 omni
1434 2955 1726 3009 Numidiae
1752 2956 2028 3024 imperare

314 3033 483 3095 parat.
559 3028 858 3095 Adherbal,
882 3032 1103 3084 tametsi
1145 3033 1372 3084 Romam
1407 3031 1618 3099 legatos
1654 3034 1893 3099 miserat,
1930 3032 2026 3100 qui

316 3109 564 3159 senatum
613 3107 873 3160 docerent
923 3109 993 3161 de
1047 3109 1218 3162 caede
1265 3111 1453 3162 fratris
1501 3114 1559 3163 et
1606 3111 1841 3163 fortunis
1900 3110 2048 3176 suis,-

319 3187 501 3234 tamen
542 3182 716 3235 fretus
760 3184 1111 3237 multitudine
1153 3186 1384 3238 militum
1427 3187 1658 3253 parabat
1700 3187 1866 3239 armis
1905 3203 2032 3239 con-

321 3258 560 3311 tendere.
649 3258 759 3312 Sed
807 3259 900 3312 ubi
948 3276 1037 3314 res
1084 3261 1158 3313 ad
1206 3264 1686 3326 certamemvcnit,
1736 3264 1818 3315 vic
1847 3280 1910 3315 us
1959 3279 2030 3314 ex
