2269 3561
976 178 1173 227 JUG‘U
1185 179 1392 227 RTHA.
1977 178 2038 228 67

332 260 438 314 tris
471 259 730 328 habebat,
754 260 857 314 nisi
894 277 1063 328 quum
1099 259 1234 312 odos
1270 266 1368 313 aut
1399 260 1586 327 pabuli
1622 262 1838 328 egestas
1865 259 2045 313 locum

331 341 551 390 mutare
588 336 894 403 subegerat.
970 336 1080 389 Sed
1120 353 1298 403 neque
1337 337 1722 390 muniebantur
1764 353 1829 390 ea
1863 352 2044 403 neque

332 431 486 467 more
511 413 735 466 militari
762 414 978 481 vigiliae
1003 413 1447 478 deducebantur;
1477 416 1558 467 uti
1596 414 1791 481 cuique
1818 412 2044 466 lubebat

333 491 404 543 ab
438 491 604 558 signis
638 490 858 555 aberat3
886 490 1031 543 lixae
1063 491 1326 558 permixti
1351 507 1474 543 cuni
1505 490 1770 543 militibus
1800 490 1890 543 die
1918 506 2043 542 noc-

332 570 503 635 tuque
536 568 878 635 vagabantur
893 590 906 634 ;
934 568 1186 637 palantes
1217 583 1376 634 agros
1400 573 1629 634 vastare,
1660 567 1815 620 villas
1840 583 2044 634 expug-

332 661 479 712 nare,
516 646 729 713 pecoris
764 648 823 698 et
856 644 1249 713 mancipiorum
1285 644 1517 713 praedas
1552 647 1828 697 certantes
1864 661 2042 711 agere,

333 738 506 789 eaque
530 727 745 775 mutare
775 738 899 775 cum
932 720 1328 774 mercatoribus
1355 721 1477 773 vino
1517 720 1813 774 advectitio
1840 726 1897 773 et
1922 721 2043 773 aliis

334 799 564 863 talibus3
598 802 890 868 praeterea
924 799 1262 851 frumentum
1298 796 1515 866 publice
1554 797 1746 851 datum
1788 797 2042 864 vendere,

332 892 528 944 panem
563 877 616 927 iu
650 875 769 928 dies
804 876 1065 938 mercari;
1096 878 1389 943 postremo,
1422 891 1778 943 quaecunque
1812 873 1917 926 dici
1947 877 2044 928 aut

333 951 465 1020 fingi
490 956 696 1020 queunt
728 953 978 1019 ignaviae
1012 951 1370 1019 luxuriaeque
1397 950 1616 1019 probra,
1647 966 1713 1003 ea
1739 950 1798 1002 in
1826 950 1918 1004 illo
1951 967 2044 1004 ex-

332 1030 507 1082 ercitu
530 1032 727 1082 cuncta
750 1028 905 1082 fuere
930 1033 988 1081 et
1013 1028 1120 1081 alia
1144 1028 1387 1095 amplius,

437 1112 517 1158 45.
578 1104 688 1159 Sed
709 1106 762 1158 in
790 1122 856 1159 ea
879 1104 1202 1159 difficultate
1229 1104 1514 1157 Metellum
1539 1120 1643 1157 non
1678 1104 1856 1157 minus
1881 1120 2044 1171 quam

333 1182 388 1235 in
423 1182 587 1235 rebus
621 1181 909 1235 hostilibus
946 1199 1205 1250 magnum
1240 1185 1298 1234 et
1332 1182 1631 1249 sapientem
1662 1181 1838 1234 virum
1873 1180 2045 1234 fuisse

334 1260 648 1327 comperior,
683 1263 840 1313 tanta
875 1259 1241 1327 temperantia
1263 1258 1410 1313 inter
1445 1257 1794 1311 ambitionem
1828 1258 2045 1311 saeviti-

333 1352 529 1403 amque
565 1335 910 1389 moderatum
933 1357 946 1401 ;
976 1352 1213 1402 namque
1246 1335 1429 1387 edicto
1458 1334 1696 1403 primum
1726 1334 2045 1402 adjumenta

333 1411 580 1478 ignaviae
617 1413 919 1477 sustulisse,
955 1429 1024 1466 ne
1061 1413 1349 1480 quisquam
1387 1411 1443 1462 in
1483 1411 1678 1463 castris
1715 1427 1909 1478 panem
1947 1415 2044 1464 aut

334 1504 496 1555 quem
523 1488 686 1540 alium
716 1493 931 1541 coctum
957 1489 1140 1541 cibum
1174 1488 1450 1551 venderet,
1481 1504 1550 1540 ne
1574 1487 1716 1540 lixae
1742 1488 2043 1540 exercitum

333 1568 709 1632 sequerentur,
745 1582 816 1618 ne
852 1566 1009 1618 miles
1044 1565 1331 1632 gregarius
1367 1564 1422 1616 in
1462 1564 1656 1617 castris
1693 1581 1829 1618 neve
1864 1565 1917 1616 in
1955 1582 2045 1632 ag-

332 1641 480 1694 mine
517 1657 732 1693 servum
769 1645 866 1695 aut
893 1641 1208 1708 jumentum
1244 1640 1503 1705 haberet3
1537 1641 1737 1694 ceteris
1773 1644 1895 1695 arte
1932 1659 2043 1693 nio-

334 1715 468 1768 dum
505 1715 777 1769 statuisse.
855 1717 1151 1769 Praeterea
1187 1717 1508 1769 transvorsis
1544 1717 1830 1771 itineribus
1864 1718 2044 1787 quoti-

334 1795 426 1847 die
458 1798 640 1847 castra
673 1811 907 1859 movere,
934 1794 1099 1862 juxta
1123 1810 1187 1846 ac
1215 1793 1259 1846 si
1292 1793 1478 1846 hostes
1513 1795 1769 1848 adessent
1798 1795 1937 1846 vallo
1963 1803 2043 1848 at-
2085 1842 2090 1847 .

333 1888 443 1940 que
480 1871 625 1924 fossa
663 1871 889 1938 munire,
929 1870 1141 1938 vigilias
1190 1869 1410 1922 crebras
1450 1887 1654 1938 ponere
1699 1875 1756 1924 et
1799 1888 1891 1923 eas
1926 1872 2043 1938 ipse

333 1964 456 2001 cum
491 1948 687 2015 legatis
718 1948 1019 2012 circumire,
1045 1947 1181 1999 item
1218 1945 1275 1997 in
1305 1947 1520 2012 agmine
1552 1946 1608 1997 in
1636 1947 1830 2014 primis
1866 1947 2042 2011 mod0‚

334 2024 496 2076 modo
521 2025 577 2076 in
603 2024 908 2092 postremis,
936 2040 1098 2091 saepe
1128 2023 1186 2075 in
1218 2022 1401 2074 medio
1426 2022 1631 2089 adesse,
1664 2039 1731 2074 ne
1757 2023 2041 2090 quisquam

333 2100 526 2154 ordine
563 2100 936 2167 egrederetur,
976 2099 1058 2151 uti
1095 2115 1218 2151 cum
1271 2099 1437 2164 signis
1474 2099 1795 2165 frequentes
1830 2099 2044 2152 incede-

333 2181 471 2241 rent,
507 2177 663 2230 miles
701 2176 884 2229 cibum
918 2179 976 2228 et
1010 2191 1163 2227 arma
1185 2177 1448 2242 portaret.
1521 2174 1611 2227 Ita
1641 2174 1983 2242 prohibendo
2013 2193 2045 2228 a

333 2253 551 2306 delictis
600 2252 775 2320 magis
808 2268 974 2320 quam
1015 2250 1344 2303 vindicando
1383 2251 1687 2304 exercitum
1730 2251 1885 2304 brevi
1921 2268 2044 2305 con-

332 2329 585 2384 firmavit.

437 2412 520 2460 46.
594 2406 818 2459 Interea
842 2406 879 2458 J
884 2404 1137 2472 ugurtha,
1162 2402 1256 2456 ubi
1281 2420 1422 2472 quae
1456 2403 1716 2458 Metellus
1749 2404 1950 2472 agebat
1974 2421 2043 2458 ex

330 2483 536 2536 nuntiis
572 2482 796 2551 accepit,
832 2482 991 2534 simul
1023 2481 1094 2533 de
1128 2480 1440 2534 innocentia
1464 2480 1583 2548 ejus
1608 2482 1809 2534 certior
1838 2482 2044 2534 Romae

330 2560 524 2626 factus,
561 2559 809 2612 diffidere
845 2558 956 2611 suis
989 2557 1155 2611 rebus
1180 2572 1243 2609 ae
1277 2563 1395 2610 tum
1429 2558 1649 2611 demum
1674 2575 1858 2611 veram
1894 2558 2045 2610 dedi-

331 2636 537 2689 tionem
570 2637 749 2690 faeere
784 2638 1010 2689 conatus
1042 2636 1144 2687 est.
1220 2634 1399 2701 Igitur
1433 2634 1641 2700 legatos
1672 2635 1744 2687 ad
1769 2635 2044 2687 consulem

331 2730 455 2766 cum
499 2712 778 2781 suppliciis
817 2711 1005 2777 mittit,
1046 2711 1141 2778 qui
1189 2710 1569 2763 tantummodo
1607 2711 1711 2779 ipsi
1747 2710 2044 2777 liberisque

331 2791 498 2842 vitam
545 2792 816 2857 peterent,
856 2787 961 2839 alia
999 2787 1179 2841 omnia
1221 2786 1490 2840 dederent
1538 2788 1739 2855 populo
1784 2786 2041 2840 Romano.

331 2865 443 2919 Sed
475 2865 699 2918 Metello
727 2864 844 2932 jam
879 2867 1041 2917 antea
1076 2864 1464 2932 experimentis
1494 2865 1771 2929 cognitum
1806 2867 1926 2916 erat
1957 2880 2047 2931 ge-

329 2958 433 2994 nus
472 2942 837 2994 Numidarum
874 2940 1120 3008 infidum,
1159 2941 1376 3009 ingenio
1420 2940 1620 3003 mobili,
1663 2956 1922 2993 novarum
1963 2957 2045 2993 re-

328 3034 452 3071 rum
479 3018 700 3071 avidum
727 3034 858 3071 esse.
927 3018 1125 3086 Itaque
1151 3018 1359 3084 legatos
1388 3016 1553 3068 alium
1579 3016 1648 3069 ab
1674 3017 1780 3069 alio
1802 3016 2045 3070 divorsos

325 3095 669 3169 aggreditur,
696 3111 759 3147 ac
791 3096 1051 3165 paulatim
1085 3093 1426 3161 temptandO,
1461 3098 1756 3161 postquam
1786 3099 2047 3162 opportu-

327 3187 429 3225 nos
459 3169 612 3240 [sibi]
648 3172 913 3238 cognovit.
944 3170 1116 3223 multa
1153 3168 1457 3237 pollicendo
1493 3171 1789 3235 persuadet
1823 3171 1904 3222 uti
1941 3170 1979 3222 J
1984 3186 2044 3220 u-

327 3246 588 3317 gurtham
625 3263 878 3301 maxume
908 3246 1106 3312 vivum,
1141 3244 1222 3297 siu
1252 3243 1312 3297 id
1344 3260 1538 3314 parum
1571 3247 1851 3313 procedat,
1888 3258 2048 3295 ncca-
