2269 3561
954 201 991 247 J
999 199 1375 249 UGURTHA.
1961 198 2020 246 87

313 278 600 347 utriusque
623 279 810 347 populi
832 280 956 331 finis
980 280 1290 334 haberetur.
1348 279 1532 348 Igitur
1557 276 1888 346 Carthagine
1913 275 2022 329 duo

313 354 514 407 fratres
547 355 708 422 missi,
736 355 934 422 quibus
965 372 1163 409 nomen
1201 356 1477 409 Philaenis
1510 358 1644 421 erat,
1677 357 2024 407 maturavere

313 430 423 482 iter
446 447 702 497 pergere:
742 430 1078 498 Cyrenenses
1103 431 1314 484 tardius
1339 432 1468 484 iere.
1523 430 1592 483 Id
1617 429 1930 483 secordiane
1954 445 2022 481 an

313 522 443 559 casu
484 506 742 560 acciderit
785 520 977 574 parum
1016 508 1257 575 cognovi.
1333 507 1594 561 Ceterum
1638 506 1776 558 solet
1816 506 1874 558 in
1918 505 2024 558 illis

312 583 446 637 locis
470 587 772 651 tempestas
796 583 945 636 haud
971 600 1129 636 secus
1155 586 1320 651 atque
1349 584 1403 635 in
1429 583 1567 635 mari
1592 583 1862 646 retinere3
1897 598 2025 633 nam

313 658 408 712 ubi
432 676 534 728 per
558 659 675 712 loca
699 660 946 727 aequalia
970 663 1028 713 et
1051 659 1200 713 nuda
1223 660 1560 728 gignentium
1585 663 1781 712 ventus
1805 662 2024 712 coortus

314 752 534 788 arenam
573 735 737 787 humo
774 736 1050 805 excitavit,
1087 754 1154 789 ea
1188 753 1384 804 magna
1419 737 1472 789 vi
1510 736 1721 803 agitata
1762 751 1859 787 ora
1901 751 2024 787 ocu-

313 811 507 879 losque
531 811 758 879 implere
782 812 935 878 solet,
962 812 1040 865 ita
1063 817 1358 881 prospectu
1387 812 1653 880 impedito
1679 812 1879 864 morari
1903 812 2022 864 iter.

317 888 620 956 Postquam
658 888 993 955 Cyrenenses
1030 889 1308 958 aliquanto
1357 889 1685 958 posteriores
1721 905 1780 941 se
1818 888 2022 952 vident,

315 969 376 1018 et
411 964 481 1017 ob
518 982 635 1017 rem
672 970 983 1033 corruptam
1022 966 1171 1018 domi
1205 982 1409 1033 poenas
1444 969 1713 1032 metuunt,
1751 964 2025 1017 criminari

318 1040 782 1108 Carthaginiensis
831 1045 959 1094 ante
1007 1045 1225 1110 tempus
1269 1042 1431 1095 domo
1480 1041 1771 1109 digreSSOS,
1810 1045 2026 1093 contur-

316 1116 450 1170 bare
482 1134 615 1184 rem,
640 1117 876 1185 denique
909 1118 1089 1170 omnia
1120 1118 1283 1171 malle
1317 1135 1479 1186 quam
1510 1117 1641 1171 victi
1673 1116 1838 1169 abire.
1914 1116 2025 1171 Sed

317 1211 483 1261 quum
528 1194 693 1247 Poeni
742 1194 903 1247 aliam
946 1194 1317 1247 condicionem
1366 1193 1748 1248 tantummodo
1795 1210 2024 1259 aequam

316 1274 586 1338 peterent,
614 1270 810 1323 Graeci
840 1271 1118 1338 optionem
1151 1271 1682 1338 Carthaginiensium
1711 1270 1933 1331 faciunt,
1963 1273 2027 1322 ut

316 1347 401 1400 vel
427 1347 521 1412 illi,
549 1363 686 1414 quos
710 1347 833 1400 finis
856 1347 1055 1415 populo
1082 1365 1179 1400 suo
1203 1351 1471 1416 peterent,
1497 1347 1575 1399 ibi
1602 1347 1708 1398 vivi
1732 1345 2025 1398 obrueren-

318 1427 425 1490 tur,
460 1423 545 1476 vel
582 1423 775 1476 eadem
812 1424 1125 1477 condicione
1164 1441 1282 1477 sese
1320 1440 1481 1491 quem
1516 1424 1572 1475 in
1608 1422 1783 1476 locum
1822 1422 2025 1476 vellent

316 1516 679 1568 processuros
755 1499 999 1553 Philaeni
1030 1500 1345 1554 condicione
1377 1499 1606 1569 probata
1635 1516 1804 1569 seque
1834 1500 2026 1551 vitam-

318 1594 426 1645 que
476 1592 627 1629 suam
675 1576 756 1630 rei
803 1576 1053 1644 publicae
1104 1577 1506 1641 condonavere;
1558 1576 1638 1629 ita
1678 1576 1785 1628 vivi
1829 1574 2025 1628 obruti.

320 1652 795 1720 Carthaginienses
828 1653 884 1705 in
915 1669 980 1706 eo
1012 1654 1129 1706 loco
1159 1653 1429 1705 Philaenis
1459 1652 1723 1705 fratribus
1753 1668 1875 1704 aras
1905 1668 2027 1704 con-

318 1746 617 1795 secravere,
644 1730 842 1799 aliique
872 1730 977 1782 illis
1004 1729 1152 1782 domi
1182 1729 1414 1783 honores
1439 1729 1695 1783 instituti.
1768 1728 1925 1782 Nunc
1954 1726 2026 1779 ad

316 1823 435 1859 rem
460 1807 637 1860 redeo,

423 1889 504 1937 80.
576 1884 605 1934 J
620 1881 856 1949 ugurtha
883 1884 1175 1948 postquam
1203 1880 1401 1933 amissa
1426 1879 1596 1933 'Phala
1618 1881 1750 1955 nihil
1777 1880 1909 1933 satis
1936 1881 2026 1933 fir-

315 1976 466 2014 mum
510 1964 699 2012 contra
742 1957 1028 2011 Metellum
1076 1961 1251 2025 putat,
1299 1973 1400 2025 per
1439 1973 1662 2024 magnas
1705 1956 2027 2009 solitudines

315 2053 442 2090 cum
482 2037 665 2105 paucis
704 2035 981 2103 profectus
1018 2034 1271 2103 pervenit
1309 2033 1381 2086 ad
1415 2033 1692 2100 Gaetu105‚
1726 2049 1897 2100 genus
1933 2032 2019 2085 ho-

314 2113 523 2167 minum
557 2112 734 2165 ferum
766 2111 1142 2179 incultumque
1175 2115 1233 2164 et
1266 2127 1331 2164 eo
1364 2114 1612 2178 tempore
1644 2110 1895 2177 ignarum
1932 2127 2026 2163 no-

315 2189 478 2242 minis
507 2189 747 2241 Romani.
818 2189 1020 2240 Eorum
1054 2187 1461 2240 multitudinem
1497 2187 1550 2239 in
1585 2203 1749 2239 unum
1785 2187 1931 2254 cogit
1964 2203 2027 2239 ac

315 2264 580 2335 paulatim
626 2265 956 2318 consuefacit
996 2264 1218 2316 ordines
1261 2263 1479 2329 habere,
1520 2264 1672 2330 signa
1714 2263 1882 2331 sequi,
1927 2264 2025 2315 im-

315 2343 529 2410 perium
558 2341 862 2407 observare,
888 2341 1021 2393 item
1050 2341 1155 2392 alia
1178 2340 1437 2392 militaria
1462 2341 1652 2392 facere.
1731 2341 2027 2394 Praeterea

316 2419 465 2486 regis
493 2419 691 2471 Bocchi
726 2435 1018 2487 proxumos
1052 2416 1262 2483 magnis
1294 2415 1611 2468 muneribus
1637 2420 1695 2470 et
1727 2415 2026 2484 majoribus

317 2496 598 2564 promissis
646 2495 717 2547 ad
766 2495 1007 2548 studium
1059 2494 1141 2545 sui
1189 2491 1459 2561 perducit,
1511 2492 1633 2564 quis
1680 2493 2026 2561 adjutoribus

316 2589 504 2639 regem
531 2589 817 2639 aggressus
849 2570 1081 2638 impellit
1105 2572 1170 2623 ut
1199 2568 1491 2622 advorsum
1519 2569 1792 2622 Romanos
1822 2569 2024 2623 bellum

316 2648 554 2716 incipiat.
639 2648 709 2700 Id
757 2664 822 2700 ea
869 2647 1047 2715 gratia
1094 2646 1305 2699 facilius
1346 2646 1676 2713 proniusque
1718 2646 1834 2711 fuit,
1877 2647 2025 2714 quod

316 2723 567 2779 Bocchus
592 2724 747 2777 initio
772 2724 996 2792 hujusce
1021 2723 1152 2776 belli
1178 2723 1386 2790 legatos
1414 2722 1641 2775 Romam
1669 2723 1895 2776 miserat
1918 2724 2026 2776 foe-

317 2800 422 2855 dus
455 2803 512 2853 et
547 2801 836 2854 amicitiam
871 2801 1124 2867 petitum,
1151 2816 1315 2867 quam
1349 2815 1465 2851 rem
1491 2800 2023 2868 opportunissumam

315 2878 534 2946 incepto
581 2877 724 2930 bello
766 2876 923 2945 pauci
973 2877 1373 2945 impediverant
1419 2876 1564 2929 caeci
1614 2876 1859 2945 avaritia,
1904 2879 2025 2945 quis

314 2954 498 3008 omnia
534 2954 762 3007 honesta
800 2957 964 3022 atque
1000 2954 1290 3007 inhonesta
1323 2952 1560 3006 vendere
1596 2970 1714 3006 mos
1751 2958 1886 3007 erat.
1954 2955 2024 3008 Et

304 3030 429 3100 jam
462 3034 626 3083 antea
651 3031 685 3083 J
694 3029 964 3098 ugurthae
999 3030 1108 3083 filia
1142 3029 1343 3083 Bocchi
1376 3033 1651 3097 nupserat.
1728 3030 1931 3084 Verum
1960 3049 2026 3086 ea

313 3107 662 3162 necessitudo
711 3107 859 3175 apud
910 3107 1176 3159 Numidas
1226 3107 1556 3173 Maurosque
1604 3107 1738 3160 levis
1787 3108 2022 3174 ducitur,

315 3185 446 3254 quia
479 3185 675 3252 singuli
705 3200 804 3253 pro
833 3183 1029 3251 opibus
1054 3184 1285 3251 quisque
1310 3200 1473 3251 quam
1504 3183 1782 3251 plurumas
1812 3201 2024 3250 uxores,

317 3261 489 3314 denas
515 3261 622 3327 alii,
647 3261 738 3313 alii
765 3259 949 3327 plures
976 3261 1193 3324 habent,
1219 3260 1319 3312 sed
1345 3276 1501 3325 reges
1525 3276 1589 3312 eo
1613 3260 1857 3326 amplius.
1932 3258 2024 3310 Ita
