2269 3561
235 206 296 254 48
723 210 777 258 C.
817 206 1050 256 SALLU
1061 206 1167 254 STI
1206 203 1440 253 CRISPI

228 293 570 348 excruciatus
600 292 899 360 impietatis
934 291 986 341 in
1013 291 1296 356 parentem
1329 290 1593 351 nostrum,
1618 281 1807 336 fratris
1832 280 1944 335 me‘i

230 374 379 428 necis
423 385 778 435 mearumque
829 369 1169 419 miseriarum
1228 366 1408 433 gravis
1459 383 1663 434 poenas
1721 366 1941 419 reddat.

230 453 265 505 J
271 451 473 520 amjam
508 449 696 514 frater,
732 447 912 499 animo
955 460 1076 497 meo
1119 445 1428 509 carissume,
1474 458 1801 511 quamquam
1838 442 1944 496 tibi

232 531 539 592 immaturO,
577 529 636 578 et
667 523 816 576 unde
847 523 1088 574 minume
1126 520 1326 584 decuit,
1359 520 1472 572 vita
1505 522 1698 588 erepta
1730 524 1832 587 est,
1859 523 1946 574 ta·—

232 622 357 658 men
381 602 722 656 laetandum
776 598 951 665 magis
999 614 1163 665 quam
1217 595 1511 648 dolendum
1568 599 1705 662 puto
1753 613 1943 650 casum

233 687 418 747 tuum3
451 697 558 733 non
597 678 743 731 enim
776 691 1022 742 regnum,
1061 673 1161 726 sed
1189 673 1391 740 fugam,
1428 672 1691 737 exsilium,
1728 676 1947 740 egesta-

233 763 344 812 tem
371 762 430 811 et
454 756 629 810 omnis
653 754 750 806 has
776 768 920 821 quae
947 767 1036 804 me
1064 753 1323 820 premunt
1357 766 1646 802 aerumnas
1679 767 1802 803 cum
1829 751 1945 802 ani-

235 853 320 889 ma
357 835 515 889 simul
542 831 786 886 amisisti.
863 830 944 881 At
974 844 1075 895 ego
1099 825 1304 892 infelix,
1333 827 1388 878 in
1424 830 1580 879 tanta
1608 826 1752 878 mala
1783 843 1944 894 prae-

232 913 492 981 cipitatus
526 927 595 963 ex
624 908 802 977 patrio
835 919 1236 972 regnossrerum
1270 902 1629 955 humanarum
1664 907 1943 970 spectacu-

231 991 344 1042 lum
370 989 622 1058 praebeO,
647 986 888 1038 incertus
921 980 1055 1049 quid
1078 997 1253 1046 agam,
1286 983 1480 1032 tuasne
1509 977 1737 1047 injurias
1761 995 1945 1046 perse-

227 1084 370 1138 ‚quar
405 1066 522 1134 ipse
555 1062 720 1116 auxili
754 1076 936 1128 egens,
969 1075 1038 1110 an
1073 1073 1241 1124 regno
1277 1056 1571 1120 consulam,
1604 1055 1762 1123 cujus
1793 1056 1941 1109 vitae

235 1144 491 1212 necisque
528 1142 773 1209 potestas
817 1153 886 1189 ex
937 1133 1132 1203 opibus
1180 1132 1372 1185 alienis
1419 1131 1628 1201 pendet
1714 1131 1942 1186 Utinam

234 1220 405 1274 emori
442 1217 674 1272 fortunis
715 1214 850 1267 meis
891 1213 1156 1265 honestus
1194 1210 1374 1262 exitus
1411 1213 1571 1274 esset,
1615 1225 1721 1261 neu
1757 1209 1943 1263 vivere

233 1293 582 1365 contemptus
619 1292 852 1357 viderer,
894 1289 939 1342 si
975 1288 1221 1340 defessus
1256 1286 1411 1338 malis
1452 1284 1686 1353 injuriae
1723 1302 1942 1339 conces-

236 1376 440 1428 sissem.
507 1372 557 1424 N
561 1388 666 1423 unc
691 1384 869 1435 neque
898 1366 1078 1418 vivere
1103 1362 1260 1416 lubet
1292 1378 1469 1430 neque
1495 1362 1632 1414 mori
1661 1362 1791 1415 licet
1823 1362 1943 1416 sine

236 1451 522 1504 dedecore.
597 1448 791 1499 Patres
816 1442 1125 1508 conscripti,
1155 1457 1256 1507 per
1288 1456 1396 1503 vos,
1429 1456 1529 1507 per
1552 1439 1752 1492 liberos
1776 1442 1943 1508 atque

235 1530 494 1597 parentes
519 1527 746 1586 vostrOS,
784 1537 880 1587 per
903 1517 1252 1585 majestatem
1275 1516 1460 1583 populi
1493 1516 1722 1568 Romani
1749 1515 1945 1568 subve-

235 1605 351 1657 nite
388 1603 588 1655 misero
630 1598 774 1662 mihi,
812 1597 889 1649 ite
926 1593 1141 1647 obviam
1177 1592 1428 1659 injur-iae,
1464 1592 1633 1643 nolite
1668 1592 1783 1658 pati
1820 1609 1945 1659 reg-

237 1698 365 1732 num
393 1676 700 1740 Numidiae,
733 1672 881 1742 quod
907 1673 1153 1722 vostrum
1178 1673 1278 1735 est,
1313 1684 1414 1736 per
1438 1668 1614 1720 scelus
1647 1672 1705 1720 et
1730 1669 1945 1734 sangui-

241 1775 304 1811 ue
385 1754 619 1810 familiae
643 1758 861 1804 nostrae
886 1745 1213 1802 tabescere.'’

192 1774 327 1984 ἓξ
344 1841 421 1887 15.
495 1831 794 1897 Postquam
830 1842 927 1878 rex
956 1824 1121 1875 finem
1157 1821 1417 1890 loquendi
1452 1822 1597 1887 fecit,
1634 1820 1801 1888 legati
1840 1820 1878 1872 J
1884 1838 1944 1873 u-

166 1941 193 1976 κ,
367 1912 468 1963 hae
502 1906 792 1974 largitione
829 1901 1002 1968 magis
1040 1915 1204 1968 quam
1244 1915 1435 1951 caussa
1467 1898 1597 1951 'freti
1638 1897 1826 1965 paucis
1861 1913 1946 1950 re-

236 1988 536 2059 spondent:
564 1986 591 2011 ‘⁶
610 1979 982 2048 Hiempsalem
1009 1976 1078 2029 ob
1106 1974 1387 2028 saevitiam
1414 1990 1564 2027 suam
1591 1974 1660 2026 ab
1687 1973 1944 2027 Numidis

233 2064 614 2125 interfectum3
643 2055 1014 2111 Adherbalem
1040 2053 1186 2105 ultro
1206 2050 1410 2104 bellum
1434 2050 1772 2114 inferentem,
1796 2055 1945 2118 post-

236 2160 399 2213 quam
437 2141 725 2207 superatus
755 2136 842 2199 sit,
876 2131 1033 2200 'queri
1069 2129 1219 2197 quod
1247 2127 1503 2195 injuriam
1536 2127 1716 2179 facere
1753 2126 1944 2194 nequi-

236 2221 417 2274 visset.
489 2212 825 2283 Jugurtham
849 2210 919 2261 ab
949 2211 1144 2260 senatu
1176 2208 1383 2274 petere,
1414 2220 1482 2256 ne
1508 2220 1567 2256 se
1596 2203 1761 2255 alium
1785 2206 1944 2272 puta-

235 2302 361 2351 rent
403 2312 466 2348 ac
506 2288 838 2346 Numantiae
881 2283 1130 2351 cognitus
1180 2284 1340 2349 esset,
1381 2298 1489 2332 neu
1527 2279 1696 2332 verba
1742 2279 1944 2331 inimici

238 2379 366 2427 ante
391 2372 536 2423 facta
567 2384 662 2420 sua
687 2360 996 2432 ponerent.”
1069 2357 1285 2412 Deinde
1309 2358 1529 2425 utrique
1557 2356 1707 2409 curia
1731 2355 1946 2423 egredi-

237 2455 418 2504 untur.
481 2447 713 2500 Senatus
747 2440 932 2494 statim
957 2438 1269 2491 consulitur.
1330 2435 1593 2487 Fautores
1623 2433 1943 2503 legatorum,

237 2531 526 2597 praeterea
560 2524 781 2575 senatus
806 2533 1003 2583 magna
1031 2532 1160 2581 pars
1188 2513 1368 2581 gratia
1402 2512 1701 2565 depravata
1727 2508 1939 2562 Adher-

239 2606 379 2659 balis
417 2602 564 2654 dicta
605 2601 965 2656 contemnere,
1008 2590 1043 2642 J
1048 2590 1319 2657 ugurthae
1367 2588 1630 2640 virtutem
1678 2584 1946 2638 extollere

240 2679 492 2735 laudibus
510 2699 521 2742 ;
543 2674 736 2744 gratia,
755 2687 900 2737 voce,
922 2668 1158 2735 denique
1178 2665 1427 2717 omnibus
1453 2663 1629 2716 modis
1644 2679 1745 2730 pro
1769 2660 1946 2714 alieno

241 2759 445 2813 scelere
471 2759 528 2808 et
560 2750 767 2818 flagitio
801 2764 898 2801 sua
931 2745 1083 2814 quasi
1118 2760 1216 2813 pro
1250 2742 1423 2809 gloria
1455 2739 1787 2793 nitebantur.
1864 2740 1947 2790 At

218 2842 430 2892 ‚eontra
465 2827 637 2902 pauci,
676 2822 871 2897 quibus
907 2824 1105 2876 bonum
1148 2824 1205 2874 et
1242 2836 1474 2887 aequum
1527 2816 1730 2869 divitiis
1767 2813 1947 2866 carius

242 2918 376 2979 erat,
419 2905 854 2965 subveniundum
898 2897 1202 2954 Adherbali
1243 2899 1300 2949 et
1341 2893 1675 2963 Hiempsalis
1711 2895 1947 2943 mortem

242 3007 430 3045 savere
453 2983 828 3041 vindicandam
857 2977 1155 3032 censebant
1174 2997 1185 3040 3
1210 2975 1306 3027 sed
1333 2990 1400 3025 ex
1420 2970 1669 3023 omnibus
1692 2982 1947 3019 maxume

247 3066 509 3121 Aemilius
543 3064 787 3123 Scaurus,
819 3059 979 3109 homo
1011 3053 1222 3118 nobilis,
1255 3051 1503 3117 impiger,
1533 3045 1803 3109 factiosus,
1840 3042 1948 3094 avi-

245 3144 347 3196 dus
389 3139 684 3211 potentiae,
727 3135 961 3198 honoris,
1010 3131 1336 3190 divitiarum,
1387 3129 1631 3179 ceterum
1680 3120 1815 3172 vitia
1849 3134 1949 3170 suti

245 3218 438 3271 callide
462 3215 750 3269 occultans,
828 3210 885 3260 Is
909 3211 1196 3276 postquam
1233 3204 1388 3254 videt
1421 3200 1566 3267 regis
1598 3195 1948 3265 largitionem

246 3298 504 3350 famosam
527 3287 1026 3358 impudentemque,
1055 3281 1278 3347 veritus,
1307 3281 1449 3345 quod
1484 3278 1537 3327 in
1572 3275 1670 3328 tali
1698 3289 1757 3326 re
1792 3270 1948 3329 solet,
