2269 3561
248 201 309 248 88
741 199 795 247 O.
834 196 1187 247 SALLUSTI
1220 196 1464 247 CRISPI

243 278 454 331 animus
477 279 830 333 multitudine
855 279 1210 345 distrahitur3
1245 278 1396 332 nulla
1418 294 1519 348 pro
1544 279 1688 334 socia
1708 279 1944 351 obtinet,

242 357 451 425 pariter
475 372 663 409 omnes
688 357 819 409 viles
844 360 983 410 sunt.

347 441 428 488 81.
501 434 682 502 Igitur
729 434 785 486 in
825 433 1012 486 locum
1054 430 1320 486 ambobus
1365 433 1629 501 placitum
1671 436 1949 488 exercitus

243 512 598 575 conveniunt3
639 509 717 564 ibi
754 510 865 563 fide
902 510 1030 563 data
1068 514 1126 563 et
1163 514 1389 579 accepta
1424 511 1459 563 J
1467 512 1705 579 ugurtha
1743 512 1949 565 Bocchi

243 589 483 642 animum
509 588 752 641 oratioue
784 586 1060 640 accendit:
1100 587 1375 640 Romanos
1402 586 1649 655 injustos,
1675 588 1950 655 profunda

242 666 483 731 avaritia,
523 664 819 718 communis
860 665 1099 716 omnium
1141 664 1314 717 hostis
1352 681 1501 730 esse;
1550 664 1781 719 eandem
1822 666 1949 718 illos

243 759 485 796 caussam
521 741 648 795 belli
683 758 803 794 cum
835 741 1050 794 Boccho
1083 740 1287 794 habere
1316 757 1478 809 quam
1515 759 1698 796 secum
1730 747 1787 796 et
1820 759 1948 796 cum

242 819 362 872 aliis
394 819 666 887 gentibus,
696 817 994 872 lubidinem
1023 818 1391 887 imperitandi,
1416 818 1538 886 quis
1566 820 1747 871 omnia
1774 836 1950 887 regna

241 897 473 948 advorsa
497 897 633 961 sint;
669 899 788 948 tum
814 912 948 960 sese,
973 896 1134 963 paulo
1160 899 1289 948 ante
1306 894 1785 963 Carthaginiensis,
1808 897 1946 950 item

246 972 450 1026 Persen
489 990 688 1040 regem,
717 977 858 1042 post,
884 972 967 1025 uti
1000 972 1236 1040 quisque
1268 972 1728 1040 opulentissumus
1758 972 1949 1026 videa-

242 1052 348 1116 tur,
380 1049 457 1102 ita
498 1050 755 1102 Romanis
790 1049 1005 1102 hostem
1040 1048 1170 1102 fore.
1244 1048 1350 1100 His
1386 1051 1551 1115 atque
1585 1049 1704 1101 aliis
1738 1049 1948 1103 talibus

242 1124 405 1178 dictis
447 1125 518 1178 ad
563 1126 771 1179 Cirtam
814 1125 1073 1193 oppidum
1119 1125 1228 1177 iter
1269 1127 1627 1191 constituunt,
1669 1125 1817 1193 quod
1864 1125 1943 1179 ibi

242 1202 500 1255 Metellus
532 1203 793 1271 praedam
825 1201 1178 1270 captivosque
1214 1205 1273 1254 et
1307 1201 1703 1268 impedimenta
1736 1200 1940 1256 locave-

241 1281 341 1332 rat.
418 1279 508 1331 Ita
531 1279 569 1331 J
575 1278 812 1346 ugurtha
835 1282 989 1332 ratus
1014 1282 1111 1331 aut
1133 1281 1295 1346 capta
1317 1277 1454 1331 urbe
1479 1294 1677 1345 operae
1700 1280 1942 1347 pretium

239 1355 372 1422 fore,
397 1360 494 1409 aut
529 1356 574 1409 si
610 1356 884 1408 Romanus
918 1354 1119 1408 auxilio
1153 1354 1264 1407 suis
1296 1354 1547 1419 venisset,
1578 1355 1786 1423 proelio
1820 1372 1945 1410 sese

240 1435 560 1486 certaturos
640 1432 784 1484 Nam
825 1431 1053 1485 callidus
1093 1429 1154 1483 id
1199 1429 1362 1483 modo
1403 1431 1699 1484 festinabat
1741 1432 1945 1485 Bocchi

238 1524 426 1576 pacem
463 1507 799 1574 imminuere,
824 1524 894 1560 ne
931 1523 1110 1560 moras
1146 1507 1406 1574 agitando
1442 1507 1588 1559 aliud
1628 1524 1790 1575 quam
1827 1509 1945 1562 bel-

238 1583 349 1636 lum
377 1583 576 1636 mallet.

342 1665 423 1714 82.
499 1660 808 1727 Imperator
849 1662 1143 1726 postquam
1182 1658 1252 1711 de
1290 1675 1480 1725 regum
1521 1659 1783 1713 societate
1820 1678 1946 1729 cog-

238 1737 404 1805 novit,
432 1752 541 1790 non
573 1740 797 1802 temere,
827 1752 1019 1804 neque,
1044 1736 1128 1790 uti
1162 1751 1325 1803 saepe
1348 1735 1465 1803 jani
1491 1736 1633 1790 victo
1658 1737 1693 1790 J
1700 1738 1945 1806 ugurtha

238 1817 605 1879 consueverat,
631 1813 881 1865 omnibus
908 1813 1038 1865 locis
1066 1812 1345 1880 pugnandi
1369 1814 1576 1881 copiam
1603 1814 1761 1880 facit3
1796 1820 1945 1870 cete-

237 1906 361 1942 rum
394 1889 538 1943 haud
579 1889 766 1958 procul
801 1888 870 1941 ab
905 1889 1058 1942 Cirta
1095 1890 1287 1942 castris
1323 1890 1547 1942 munitis
1581 1907 1739 1958 reges
1775 1909 1944 1962 oppe-

238 1967 394 2033 ritur,
438 1966 633 2019 melius
681 1982 801 2019 esse
848 1968 1001 2019 ratus
1046 1966 1280 2033 cognitis
1327 1965 1549 2033 Mauris,
1593 1969 1845 2036 quoniam
1892 1969 1943 2024 is

237 2059 410 2096 novus
451 2043 623 2097 hostis
665 2045 986 2108 accesserat,
1029 2058 1097 2094 ex
1141 2041 1423 2095 commodo
1463 2059 1699 2111 pugnam
1741 2045 1938 2099 facere.

242 2119 478 2173 Interim
506 2119 679 2171 Roma
708 2135 809 2187 per
837 2118 1052 2171 litteras
1078 2118 1281 2171 certior
1303 2118 1368 2170 fit
1392 2120 1721 2187 provinciam
1747 2122 1799 2174 N
1803 2122 1943 2175 umi-

239 2195 386 2248 diam
425 2196 602 2249 Mario
641 2195 858 2259 datam;
906 2211 1032 2247 nam
1070 2195 1344 2247 consulem
1382 2195 1589 2249 factum
1626 2201 1754 2251 ante
1791 2215 1943 2252 acce-

237 2275 409 2341 perat.
485 2272 618 2336 Quis
652 2271 817 2324 rebus
853 2288 1017 2340 supra
1052 2270 1252 2323 bonum
1288 2275 1454 2339 atque
1489 2272 1776 2326 honestum
1815 2291 1940 2342 per-

238 2349 419 2402 culsus
448 2365 625 2416 neque
650 2349 916 2401 lacrumas
946 2351 1136 2400 tenere
1162 2364 1338 2415 nequo
1364 2349 1632 2402 moderari
1666 2350 1939 2418 linguam;

211 2423 322 2477 'vir
345 2424 597 2492 egregius
627 2425 678 2476 in
706 2425 824 2476 aliis
848 2422 1057 2476 artibus
1088 2423 1248 2475 nimis
1277 2424 1513 2476 molliter
1536 2426 1938 2493 aegritudinem

236 2501 366 2568 pati.
419 2501 594 2565 Quam
617 2517 734 2552 rem
759 2500 847 2553 alii
873 2500 929 2552 in
955 2497 1264 2567 superbiam
1287 2501 1591 2567 vortebant‚
1617 2503 1707 2555 alii
1733 2503 1936 2559 bonum

236 2577 512 2644 ingenium
558 2576 883 2629 contumelia
928 2592 1211 2629 accensum
1255 2592 1388 2642 esse,
1427 2578 1583 2630 multi
1628 2579 1776 2646 quod
1814 2580 1936 2648 jam

237 2659 396 2723 parta
421 2654 646 2706 victoria
676 2669 744 2705 ex
773 2652 1024 2705 manibus
1048 2652 1373 2720 eriperetur.
1446 2653 1620 2707 Nobis
1653 2656 1786 2708 satis
1812 2674 1938 2725 cog-

236 2730 410 2784 nitum
450 2734 536 2783 est
572 2730 725 2782 illum
764 2728 936 2796 magis
975 2728 1178 2781 honore
1217 2728 1360 2781 Mari
1398 2746 1561 2797 quam
1600 2731 1799 2798 injuria
1837 2750 1937 2786 sua

236 2807 620 2871 excruciatum,
640 2821 820 2874 neque
838 2809 951 2857 tam
970 2804 1129 2856 anxie
1148 2804 1385 2857 laturum
1405 2805 1587 2874 fuisse,
1606 2808 1651 2860 si
1676 2807 1937 2878 adempta

235 2882 512 2950 provincia
535 2883 625 2936 alii
648 2899 813 2951 quam
838 2879 1014 2934 Mario
1041 2880 1368 2934 traderetur.

339 2965 419 3013 83.
493 2959 674 3026 Igitur
712 2974 777 3011 eo
815 2956 1003 3009 dolore
1044 2956 1358 3026 impedituS,
1397 2959 1456 3011 et
1493 2959 1623 3032 quia
1665 2960 1935 3015 stultitiae

234 3035 527 3088 videbatur
561 3035 792 3087 alienam
826 3050 942 3086 rem
978 3033 1218 3097 periculo
1249 3051 1345 3086 suo
1376 3051 1583 3102 curare,
1621 3036 1832 3104 legatos
1862 3039 1934 3092 ad

236 3110 512 3163 Bocchum
537 3110 709 3162 mittit
732 3108 1081 3177 postulatum,
1097 3126 1167 3162 ne
1193 3110 1308 3163 sine
1326 3126 1515 3163 caussa
1539 3111 1710 3165 hostis
1734 3115 1936 3181 populo

237 3184 483 3237 Romano
514 3185 700 3247 fieret;
737 3184 939 3237 habere
971 3201 1095 3237 eum
1129 3201 1379 3253 magnam
1412 3187 1621 3254 copiam
1652 3190 1935 3244 societatis

235 3261 612 3326 amicitiaeque
664 3261 1088 3327 conjungendae,
1138 3278 1278 3328 quae
1329 3263 1508 3331 potior
1562 3263 1705 3318 bello
1755 3271 1934 3333 esset3

193 3412 250 3448 *¹⁴2
