2269 3561
309 194 369 238 82
808 192 863 241 C.
904 193 1250 242 SALLUSTI
1285 194 1520 243 CRISPI

310 272 574 326 lassitudo
611 289 784 341 posse.
859 274 949 327 Ita
992 274 1272 342 Vagenses
1315 275 1543 329 biduum
1581 276 1743 329 modo
1782 293 1850 330 ex
1893 293 2023 345 per-

308 348 440 401 fidia
476 348 697 413 laetati3
755 350 946 403 civitas
988 367 1185 418 magna
1221 355 1279 404 et
1313 353 1541 419 opulens
1576 356 1770 406 cuncta
1806 370 2023 421 poenae

309 428 405 477 aut
444 425 682 493 praedae
720 425 839 479 fuit.
913 427 1201 495 Turpiliae,
1246 446 1406 496 quem
1448 429 1786 497 praefectum
1825 431 2024 499 oppidi

308 518 474 553 unum
510 518 577 554 ex
613 501 862 555 omnibus
896 504 1204 571 profugisse
1243 523 1407 573 supra
1443 507 1795 573 ostendimuS‚
1824 506 2023 574 jussus

309 595 342 630 a
384 577 610 631 Metello
651 594 896 631 caussam
942 579 1139 645 dicere,
1180 587 1469 649 postquam
1511 599 1632 635 sese
1681 599 1873 650 parum
1924 600 2024 637 ex-

309 658 521 722 purgat,
562 654 954 708 condemnatus
987 656 1417 725 verberatusque
1457 658 1636 727 capite
1674 676 1879 727 poenas
1913 660 2024 713 sol-

310 732 418 795 vit3
462 747 586 784 uam
610 731 657 784 is
683 730 815 783 civis
841 749 908 785 ex
935 732 1093 786 Latio
1118 737 1250 787 erat.

416 810 492 862 70.
571 806 680 860 Per
709 807 856 859 idem
893 815 1109 877 tempus
1144 809 1428 878 Bomilcar,
1456 810 1613 878 cujus
1641 811 1879 878 impulsu
1914 813 1952 865 J
1959 830 2024 865 u-

309 882 511 949 gurtha
545 883 879 937 deditionem
914 902 1075 953 quam
1113 889 1266 938 metu
1299 885 1546 939 deseruit
1578 887 1871 955 inceperat,
1900 905 2023 942 sus-

310 963 501 1027 pectus
526 959 643 1027 regi
671 964 729 1013 et
752 960 870 1029 ipse
897 978 1020 1014 eum
1050 962 1361 1029 suspiciens,
1395 978 1562 1015 novas
1585 979 1674 1017 res
1698 980 1915 1030 cupere,
1944 966 2023 1018 ad

310 1036 603 1104 perniciem
642 1036 689 1105 ej
698 1054 761 1089 us
798 1037 980 1090 dolum
1019 1055 1297 1105 quaerere,
1335 1038 1425 1092 die
1461 1042 1736 1106 noctuque
1783 1040 2022 1108 fatigare

311 1114 577 1178 animum3
616 1114 850 1181 denique
883 1114 1064 1166 omnia
1096 1115 1419 1182 temptando
1453 1116 1655 1168 socium
1686 1115 1786 1168 sibi
1821 1116 2022 1184 adjun-

310 1191 392 1256 git
418 1190 768 1257 Nabdalsam,
785 1190 1058 1243 hominem
1078 1191 1330 1258 nobilem,
1346 1192 1556 1259 magnis
1575 1191 1780 1259 opibuS,
1806 1192 2021 1246 clarum

312 1271 703 1336 acceptumque
752 1265 1106 1336 popularibus
1159 1267 1286 1334 suis,
1345 1267 1438 1336 qui
1491 1267 1811 1335 plerumque
1869 1285 2020 1323 seor-

313 1362 431 1397 sum
470 1344 541 1398 ab
588 1361 719 1412 rege
767 1344 1067 1397 exercitum
1103 1343 1333 1397 ductare
1365 1347 1423 1396 et
1454 1344 1630 1397 omnis
1667 1362 1756 1398 res
1790 1349 2019 1416 exsequi

312 1420 503 1473 solitus
546 1424 676 1485 erat,
717 1437 857 1488 quae
896 1420 933 1472 J
936 1420 1209 1487 ugurthae
1256 1420 1399 1473 fesso
1446 1424 1543 1473 aut
1590 1421 1891 1489 majoribus
1932 1441 2020 1477 as-

312 1499 474 1550 tricto
499 1500 916 1564 superaverant;
954 1514 1020 1549 ex
1042 1513 1150 1564 quo
1175 1496 1253 1548 illi
1278 1496 1452 1562 gloria
1476 1513 1716 1565 opesque
1740 1498 2016 1553 inventae.

316 1574 493 1641 Igitur
523 1573 809 1640 utriusque
842 1572 1062 1625 consilio
1093 1573 1211 1626 dies
1245 1572 1454 1625 insidiis
1486 1574 1775 1638 statuitur;
1812 1580 2016 1642 cetera,

312 1650 393 1703 uti
425 1666 513 1703 res
545 1652 804 1717 posceret,
842 1666 910 1701 ex
944 1652 1194 1718 tempore
1227 1650 1407 1717 parari
1439 1650 1660 1719 placuit.
1731 1651 2019 1707 Nabdalsa

312 1726 384 1779 ad
408 1726 706 1778 exercitum
732 1726 1021 1793 profectuS‚
1038 1743 1202 1794 quem
1227 1726 1374 1779 inter
1396 1726 1624 1780 hiberna
1644 1726 2017 1784 Romanorum

303 1803 490 1871 jussus
519 1802 773 1870 habebat,
806 1819 874 1855 ne
906 1819 1036 1868 ager
1070 1803 1256 1856 inultis
1286 1802 1532 1856 hostibus
1556 1807 1879 1858 vastaretur.
1955 1805 2017 1858 Is

312 1884 599 1948 postquam
640 1879 1014 1947 magnitudine
1060 1880 1314 1933 facinoris
1357 1880 1636 1948 perculsus
1677 1880 1749 1933 ad
1791 1884 2017 1950 tempus

311 1974 416 2010 non
459 1957 606 2010 venit
654 1960 940 2024 metusque
979 1973 1092 2009 rem
1133 1955 1483 2023 impediebat,
1526 1956 1810 2022 Bomilcar,
1851 1958 2017 2012 simul

310 2034 540 2102 cupidus
587 2034 805 2101 incepta
862 2032 1113 2099 patrandi
1173 2035 1230 2084 et
1283 2033 1480 2086 timore
1528 2033 1637 2085 soci
1684 2035 1892 2100 anxiuS‚
1940 2051 2016 2088 ne

310 2111 507 2162 omisso
555 2114 742 2163 vetere
791 2108 1013 2162 consilio
1070 2125 1268 2160 novum
1316 2113 1620 2177 quaereret,
1676 2109 1892 2163 litteras
1939 2111 2017 2164 ad

310 2204 432 2238 eum
458 2203 557 2255 per
582 2186 824 2238 homines
859 2185 1035 2238 fidelis
1068 2184 1258 2251 mittit,
1282 2184 1339 2236 in
1364 2185 1484 2253 quis
1516 2186 1800 2239 mollitiem
1837 2203 2018 2240 secor-

310 2264 564 2331 diamque
590 2263 689 2315 viri
715 2278 980 2326 accusare,
1014 2261 1206 2314 testari
1240 2260 1387 2328 deos„
1414 2279 1514 2330 per
1538 2279 1674 2328 quos
1696 2262 2015 2332 juravisset,

308 2356 528 2393 monere
579 2356 648 2391 ne
694 2337 937 2406 praemia
986 2336 1200 2390 Metelli
1253 2338 1307 2390 in
1361 2341 1573 2405 pestem
1633 2342 2015 2407 convorteret;

307 2415 617 2483 .Iugurthae
658 2415 882 2467 exitium
934 2414 1158 2478 adesse;
1196 2418 1438 2467 ceterum
1481 2432 1647 2468 suane
1689 2433 1758 2468 au
1802 2416 2016 2470 virtute

308 2491 518 2544 Metelli
546 2491 765 2559 periret,
793 2490 850 2542 id
875 2490 1038 2542 modo
1064 2490 1288 2558 agitari3
1325 2490 1552 2559 proinde
1576 2495 1859 2560 reputaret
1885 2508 2015 2546 cum

304 2568 483 2621 animo
509 2583 606 2619 suo
632 2567 874 2635 praemia
898 2584 964 2619 an
991 2568 1291 2620 cruciatum
1317 2566 1516 2620 mallet.

409 2648 488 2700 71.
552 2643 662 2697 Sed
687 2660 855 2710 quum
895 2642 996 2696 hae
1035 2643 1254 2696 lissterae
1293 2643 1505 2710 allatae,
1544 2643 1687 2697 forte
1727 2644 1777 2696 N
1783 2644 2017 2699 abdalsa

303 2721 543 2775 exercito
575 2737 800 2788 corpore
833 2721 1008 2773 fessus
1035 2721 1086 2772 iu
1112 2720 1255 2773 lecto
1292 2718 1621 2788 quiescebat,
1647 2720 1742 2773 ubi
1774 2722 2016 2788 cognitis

304 2798 621 2851 Bomilcaris
660 2796 842 2850 verbis
877 2797 1051 2864 primo
1091 2813 1235 2863 eura,
1281 2795 1494 2862 deinde,
1533 2799 1597 2848 ut
1638 2813 1860 2862 aegrum
1900 2798 2018 2850 ani-

301 2893 451 2928 mum
485 2876 639 2942 solet,
679 2890 895 2927 somnus
924 2873 1084 2941 cepit.
1159 2872 1292 2925 Erat
1317 2872 1367 2923 ei
1393 2872 1636 2924 Numida
1661 2873 1884 2940 quidam
1917 2891 2017 2929 ne-

299 2952 576 3020 gotiorum
610 2958 841 3018 curator,
879 2949 1021 3000 fidus
1053 2954 1417 3017 acceptusque
1442 2952 1499 3002 et
1523 2950 1759 3001 omnium
1798 2950 2017 3003 eonsili-

300 3047 456 3083 orum
491 3030 595 3082 nisi
633 3029 924 3083 novissumi
962 3027 1251 3096 particeps.
1338 3027 1441 3090 Qui
1478 3032 1770 3097 postquam
1815 3026 2016 3081 allatas
2056 3072 2059 3075 .

298 3105 516 3159 litteras
540 3107 765 3171 audivit,
791 3123 859 3159 ex
884 3105 1279 3160 consuetudine
1304 3111 1456 3161 ratus
1481 3123 1648 3174 opera
1671 3108 1768 3158 aut
1791 3105 2014 3172 ingenio

300 3200 396 3235 suo
432 3199 567 3248 opus
603 3198 735 3245 esse,
770 3183 824 3233 in
858 3181 1272 3234 tabernaculum
1312 3183 1538 3249 introiit,
1573 3183 1884 3236 dormiente
1918 3180 2016 3233 illo

300 3257 587 3327 epistolam
614 3273 779 3324 super
804 3260 969 3325 caput
1003 3258 1057 3308 in
1089 3257 1309 3325 pulvino
1337 3261 1546 3312 temere
1578 3260 1814 3327 positam
1842 3257 2016 3327 sumit
