2269 3561
917 211 955 259 J
957 209 1060 260 UG
1069 207 1336 258 URTHA.
1463 225 1467 229 ·
1925 208 1978 254 41

274 307 439 345 carus
463 307 610 356 esse;
646 289 718 344 ad
751 291 853 344 hoc
881 290 1145 359 pleraque
1169 296 1422 358 tempora
1448 287 1505 340 in
1529 285 1779 357 venando
1803 302 1986 354 agere,

279 367 494 420 leonem
532 371 699 436 atque
737 367 871 420 alias
907 367 1052 419 feras
1090 368 1301 437 primus
1341 368 1439 417 aut
1477 364 1531 416 in
1570 364 1763 432 primis
1800 363 2026 431 ferQe,

280 444 594 512 plurumum
625 445 821 506 facere,
849 443 1152 496 minumum
1186 445 1304 513 ipse
1340 443 1410 495 de
1448 459 1505 494 ze
1542 441 1703 508 loqui.
1776 439 1987 504 Quibus

283 520 448 573 rebus
485 521 716 588 Micipsa
751 520 973 573 tametsi
1010 520 1168 573 initio
1204 520 1379 573 laetus
1413 519 1612 584 fuerat,
1652 517 1988 570 existumans

282 597 544 651 virtutem
571 596 883 664 ‚Iugurthae
908 613 1076 664 regno
1103 614 1201 650 suo
1224 596 1432 664 gloriae
1456 596 1590 660 fore,
1618 597 1817 661 tamen,
1842 600 1989 661 post-

285 690 447 740 quam
466 673 739 726 hominem
760 672 1180 740 adulescentem,
1196 676 1389 726 exacta
1408 689 1506 725 sua
1530 674 1713 724 aetate
1732 674 1790 724 et
1809 670 1991 738 parvis

284 749 484 817 liberiS,
514 751 688 817 magis
723 751 1006 818 magisque
1041 765 1288 803 crescere
1322 748 1612 816 intellegit,
1638 747 1992 800 vehementer

234 844 353 929 jo
394 827 616 894 negotio
658 832 938 896 permotus
985 827 1160 880 multa
1201 843 1322 880 cum
1367 826 1545 878 animo
1588 841 1685 878 suo
1724 822 1992 876 volvebat.

289 905 553 958 Terrebat
578 902 749 972 [eum]
772 908 971 956 natura
994 903 1322 969 mortalium,
1348 902 1511 955 avida
1534 901 1730 969 imperi
1756 904 1814 954 et
1838 917 1993 968 prae-

288 997 417 1049 ceps
451 979 522 1033 ad
557 980 883 1048 explendam
918 979 1084 1032 animi
1116 978 1446 1047 cupidinem,
1478 982 1765 1047 praeterea
1803 993 1995 1045 oppor-

167 1070 193 1125 ζ
230 1114 237 1120 ,
288 1057 496 1109 tunitas
523 1072 653 1109 suae
676 1056 1080 1123 liberorumque
1104 1056 1322 1123 aetatiS,
1351 1072 1491 1122 quae
1514 1056 1680 1107 etiam
1704 1053 1993 1106 mediocris

186 1126 195 1129 “
290 1133 436 1185 viros
460 1149 557 1200 spe
580 1132 817 1200 praedae
841 1136 1183 1184 transvorsos
1209 1131 1341 1200 agit,
1365 1131 1436 1184 ad
1465 1131 1566 1184 hoc
1591 1131 1775 1185 studia
1805 1130 1854 1182 N
1860 1131 1994 1182 umi-

288 1207 485 1261 darum
509 1208 565 1260 in
592 1209 629 1260 J
632 1208 927 1276 ugurtham
952 1224 1194 1277 accensa,
1218 1224 1287 1270 ex
1313 1207 1527 1276 quibuS,
1554 1207 1599 1259 si
1626 1208 1792 1260 talem
1817 1207 1993 1258 virum

293 1283 457 1349 dolis*
471 1283 852 1352 interfecisset,
890 1300 960 1336 ne
999 1300 1108 1351 qua
1146 1283 1345 1336 seditio
1384 1287 1479 1337 aut
1518 1283 1720 1336 bellum
1758 1283 1995 1335 oriretur

266 1360 485 1452 anxius
512 1364 643 1415 erat.
1935 1368 1960 1382 s

400 1442 444 1494 7.
521 1438 628 1491 His
653 1436 1068 1490 difficultatibus
1092 1438 1494 1490 circumventus
1517 1436 1609 1489 ubi
1637 1436 1789 1491 videt
1817 1454 1996 1506 neque

291 1531 393 1583 per
421 1515 530 1568 vim
558 1531 735 1583 neque
765 1512 979 1566 insidiis
1009 1513 1241 1581 opprimi
1271 1530 1430 1581 posse
1459 1513 1729 1565 hominem
1762 1516 1876 1566 tam
1909 1530 1997 1566 ac-

291 1594 510 1659 ceptum
544 1589 913 1660 popularibus,
946 1590 1093 1657 quod
1125 1593 1247 1643 erat
1277 1590 1314 1641 J
1317 1589 1557 1656 ugurtha
1589 1605 1751 1641 manu
1783 1608 1998 1658 promp-

291 1672 384 1721 tus
416 1671 475 1721 et
505 1670 771 1736 appetens
798 1666 1004 1734 gloriae
1038 1666 1304 1729 militaris,
1336 1666 1532 1718 statuit
1561 1681 1684 1716 eum
1719 1665 1998 1732 objectare

291 1744 547 1814 periculis
580 1747 637 1798 et
675 1761 740 1798 eo
773 1741 936 1796 modo
969 1743 1247 1796 fortunam
1280 1746 1569 1811 temptare.
1645 1741 1825 1809 Igitur
1855 1742 1999 1796 bello

294 1820 629 1873 Numantino
644 1820 876 1889 Micipsa
895 1836 1063 1889 quum
1088 1820 1290 1888 populo
1309 1819 1551 1871 Romano
1572 1820 1812 1887 equitum
1835 1824 2001 1886 atque

295 1895 548 1964 peditum
577 1896 781 1948 auxilia
809 1897 1074 1961 mitteret,
1104 1912 1329 1962 sperans
1363 1894 1448 1946 vel
1479 1895 1806 1947 ostentando
1835 1896 2004 1948 virtu-

296 1975 413 2024 tem
437 1971 522 2023 vel
547 1971 787 2023 hostium
813 1972 1038 2024 saevitia
1061 1971 1221 2024 facile
1241 1988 1365 2023 eum
1385 1987 1715 2039 occasurum,
1740 1972 2004 2039 praefecit

298 2047 556 2100 Numidis
580 2063 718 2114 quos
741 2047 797 2098 in
824 2047 1148 2114 Hispaniam
1172 2045 1443 2099 mittebat.
1509 2046 1618 2099 Sed
1646 2063 1709 2098 ea
1732 2063 1821 2099 res
1846 2046 2005 2115 longe
2077 2059 2080 2062 '

297 2123 460 2177 aliter
494 2140 557 2176 ac
585 2126 741 2175 ratus
770 2127 890 2175 erat
920 2122 1114 2175 evenit.
1189 2122 1333 2174 Nam
1359 2122 1396 2173 J
1401 2121 1640 2189 ugurtha
1665 2126 1727 2175 ut
1756 2127 1874 2176 erat
1909 2124 2007 2177 im-

298 2201 456 2270 pigro
487 2204 656 2267 atquc
690 2199 801 2251 acri
830 2199 1066 2265 ingeni0‚
1098 2198 1190 2252 ubi
1229 2198 1572 2251 naturam-‘R
1601 2199 1880 2268 Scipionis,
1912 2203 2005 2269 qui

300 2280 418 2329 tum
462 2275 720 2328 Romanis
757 2276 1056 2342 imperator
1094 2279 1230 2340 erat,
1270 2278 1326 2327 et
1364 2291 1570 2327 morem
1610 2275 1845 2329 hostium
1887 2294 2008 2346 cog-

300 2352 465 2417 novit,
491 2351 661 2405 multo
690 2350 876 2404 labore
910 2352 1193 2419 multaque
1224 2368 1371 2418 cura,
1401 2355 1688 2419 praetcrea
1722 2354 2008 2408 modestis-

301 2445 453 2482 sume
479 2427 723 2497 parendo
742 2431 800 2482 et
825 2444 988 2496 saepe
1007 2427 1220 2480 obviam
1242 2427 1423 2481 eundo
1442 2429 1694 2496 periculis
1719 2431 1773 2483 in
1795 2437 2004 2485 tantam

301 2503 860 2559 claritudinem-brevi
886 2510 1215 2572 pervenerat
1237 2507 1301 2557 ut
1324 2505 1526 2557 nostris
1546 2506 1899 2560 vehementer
1924 2527 2008 2561 ca-

301 2598 409 2646 ruS,
440 2581 788 2635 Numantinis
817 2597 1072 2634 maxumo
1103 2581 1302 2634 terrori
1332 2587 1493 2634 esset.
1572 2585 1655 2635 Ac
1683 2600 1827 2650 sanc,
1859 2586 2007 2652 quod

304 2657 695 2711 difficillumum
730 2658 785 2710 in
822 2658 1014 2726 primis
1044 2662 1146 2723 est,
1179 2663 1236 2710 et
1273 2658 1477 2724 proelio
1509 2662 1763 2712 strenuus
1800 2669 1920 2713 erat
1951 2669 2008 2715 ct

302 2733 475 2787 bonus
499 2733 732 2799 consili0‚
754 2751 982 2801 quorum
1009 2734 1243 2787 alterum
1271 2750 1339 2786 ex
1365 2734 1712 2801 providentia
1735 2737 2009 2796 timorem,

303 2810 539 2864 alterum
559 2827 625 2863 ex
651 2810 878 2862 audacia
896 2810 1271 2863 temeritatem
1299 2809 1495 2862 afferre
1513 2810 1836 2878 plerumque
1858 2813 2010 2865 solet.

308 2887 487 2954 Igitur
511 2887 805 2954 imperator
830 2886 1002 2938 omnis
1034 2886 1153 2938 fere
1181 2902 1271 2938 res
1296 2901 1518 2953 asperas
1551 2902 1650 2952 per
1674 2885 2007 2953 ‚Iugurtham

305 2979 486 3031 agere,
529 2962 584 3015 in
625 2962 808 3014 amicis
845 2961 1063 3026 habere,
1102 2962 1279 3027 magis
1317 2961 1599 3028 magisque
1639 2978 1762 3014 eum
1800 2962 1857 3015 in
1894 2963 2012 3017 dics

306 3039 576 3108 amplecti,
601 3039 803 3107 quippe
829 3037 985 3104 cujus
1018 3053 1196 3103 neque
1220 3037 1496 3089 consilium
1531 3053 1705 3103 neque
1734 3039 2012 3106 inceptum

305 3116 474 3169 ullum
509 3116 711 3168 frustra
745 3118 877 3167 erat.
956 3114 1080 3166 Huc
1119 3112 1416 3165 accedebat
1446 3114 1816 3166 munificentia
1849 3117 2013 3166 animi

308 3194 366 3246 et
403 3192 585 3259 ingeni
627 3190 863 3256 solertia,
906 3189 1028 3255 quis
1064 3188 1229 3241 rebus
1268 3187 1372 3239 sibi
1412 3186 1613 3242 multos
1648 3204 1716 3241 ex
1756 3188 2015 3241 Romanis

306 3267 556 3321 familiari
581 3266 821 3321 amicitia
845 3263 1218 3333 conjunxerat.
