2269 3561
246 176 308 222 34
741 176 798 225 e.
837 174 1184 223 SALLUSTI
1220 174 1452 247 emspl

243 255 430 323 ceteri,
455 256 539 310 uti
565 273 838 325 quemque
862 272 1017 310 casus
1039 259 1366 324 armaverat,
1388 271 1576 325 sparos
1600 258 1698 309 aut
1720 254 1952 322 lanceaS,

243 330 334 383 alii
372 336 695 398 praeacutas
730 333 882 386 sudis
919 332 1227 401 portabant.
1304 331 1415 385 Sed
1451 335 1743 400 postquam
1779 334 1953 385 Anto-

243 406 365 459 nius
399 423 519 460 cuni
551 408 799 461 exercitu
832 407 1182 472 adventabat,
1217 407 1455 460 Catilina
1478 425 1577 476 per
1609 408 1814 461 montis
1841 409 1950 462 iter

243 483 438 550 facere,
472 483 635 537 modo
667 483 739 536 ad
774 483 984 551 urbem,
1019 484 1180 535 modo
1205 484 1260 536 in
1286 484 1518 537 Galliam
1543 500 1734 537 vorsus
1766 488 1949 539 castra

243 574 480 626 movere,
499 559 749 612 hostibus
764 560 1098 612 occasionem
1121 560 1400 628 pugnandi
1424 577 1532 612 non
1555 559 1688 614 dare
1711 580 1724 625 ;
1760 577 1945 630 spera-

244 633 342 687 bat
374 635 693 704 propediem
719 653 942 704 magnas
966 635 1150 705 copias
1175 653 1297 689 sese
1320 636 1649 698 habiturum,
1669 636 1716 688 si
1736 636 1946 690 Romae

244 710 374 763 socii
403 711 620 779 incepta
647 714 1032 780 pati-avissent.
1104 712 1330 765 Interea
1354 712 1577 765 servitia
1599 712 1943 780 repudiabat,

244 787 400 854 cujus
424 787 578 840 initio
603 788 674 841 ad
699 805 825 842 eum
848 805 1079 856 magnae
1103 788 1291 857 copiae
1315 788 1727 855 concurrebant,
1748 788 1944 858 opibus

244 864 633 931 conjurationis
661 865 853 932 fretus,
883 865 1042 917 simul
1072 864 1310 918 alienum
1336 864 1447 917 suis
1478 865 1780 918 rationibus
1804 865 1946 919 exis-
2041 904 2044 905 ν

245 944 461 993 tumans
486 941 660 994 videri
692 957 939 996 caussam
967 941 1165 995 civium
1189 957 1314 994 cum
1338 941 1508 994 servis
1531 941 1776 1008 fugitivis
1799 958 1946 995 com-

244 1015 616 1071 municavisse.

349 1096 430 1151 57.
489 1094 599 1147 Sed
622 1094 952 1163 postquam
936 1111 993 1147 ln
1017 1095 1199 1147 castra
1220 1093 1446 1146 nuntius
1463 1093 1716 1162 pervenit
1736 1094 1945 1148 Romae

245 1169 674 1238 conjurationem
706 1169 1052 1238 patefactam,
1079 1168 1151 1222 de
1182 1168 1416 1222 Lentulo
1441 1174 1498 1222 et
1524 1169 1769 1238 Cethego
1799 1173 1945 1225 cete-

244 1246 428 1314 risque
453 1263 587 1314 quos
612 1264 778 1314 supra
800 1245 1095 1300 memoravi
1120 1244 1444 1313 supplicium
1470 1250 1761 1314 sumptum,
1780 1247 1945 1316 plerl-

246 1339 366 1391 que,
383 1339 516 1390 quos
540 1323 613 1376 ad
637 1322 840 1375 bellum
867 1339 989 1391 spes
1012 1321 1329 1390 rapinarum
1354 1325 1452 1374 aut
1474 1339 1736 1374 novarum
1759 1340 1945 1376 rerum

246 1399 486 1452 studium
504 1398 772 1467 illexerat,
793 1399 1139 1451 dilabuntur·
1126 1439 1140 1463 ,
1162 1398 1401 1466 reliquos
1424 1398 1658 1452 Catilina
1675 1416 1775 1467 per
1793 1416 1945 1453 mon-

245 1477 320 1530 tis
343 1493 563 1546 asperos
586 1476 798 1544 magnis
826 1475 1114 1529 itineribus
1139 1476 1194 1528 in
1218 1492 1408 1543 agrum
1437 1476 1827 1530 Pistoriensem
1849 1476 1945 1530 ab·

246 1552 411 1619 ducit,
438 1569 502 1605 eo
528 1552 750 1606 consilio
773 1552 857 1606 uti
889 1568 988 1618 per
1019 1551 1273 1605 tramites
1307 1552 1517 1605 occulte
1547 1553 1864 1621 perfugeret
1886 1552 1945 1607 in

247 1629 477 1683 Galliam
517 1628 942 1697 Transalpinam.
1013 1629 1095 1682 At
1130 1629 1191 1692 Q.
1217 1628 1477 1681 Metellus
1508 1628 1666 1682 Celer
1693 1646 1817 1682 cum
1847 1630 1947 1683 tri-

244 1703 347 1757 bus
383 1704 686 1772 legionibus
723 1705 780 1757 in
808 1721 937 1772 agro
973 1703 1172 1757 Piceno
1202 1704 1566 1772 praesidebat,
1605 1722 1675 1758 ex
1717 1705 1945 1759 difficul-

245 1784 362 1835 tate
390 1798 574 1834 rerum
613 1782 804 1835 eadem
837 1780 929 1834 illa
960 1782 1292 1833 existumans
1328 1798 1467 1849 quae
1501 1799 1665 1850 supra
1706 1782 1945 1836 diximus

247 1857 536 1912 Catilinam
579 1859 804 1925 agitare.
895 1857 1075 1923 Igitur
1121 1855 1216 1909 ubi
1256 1857 1366 1909 iter
1413 1856 1533 1925 ejus
1582 1875 1653 1911 ex
1699 1859 1945 1927 perfugis

244 1935 506 2002 cognovit,
544 1938 725 1988 castra
764 1950 998 2002 propere
1036 1937 1222 1986 movet
1258 1950 1321 1986 ac
1363 1933 1465 1987 sub
1496 1934 1630 2002 ipsis
1667 1935 1944 1989 radicibus

244 2012 510 2064 montium
547 2010 807 2077 consedit,
849 2026 956 2078 qua
996 2008 1075 2061 illi
1117 2008 1413 2062 descensus
1455 2014 1575 2064 erat
1613 2011 1668 2063 in
1709 2011 1944 2065 Galliam

242 2088 571 2157 properanti.
645 2086 840 2155 Neque
874 2090 1058 2139 tamen
1094 2086 1368 2139 Antonius
1401 2086 1591 2155 procul
1621 2086 1829 2155 aberat,
1856 2092 1943 2141 ut·-

243 2170 374 2233 pote
398 2165 492 2231 qui
516 2180 712 2232 magno
747 2163 995 2216 exercitu
1023 2162 1158 2215 locis
1192 2162 1537 2230 aequioribus
1569 2164 1863 2232 expeditus
1887 2164 1944 2218 in

242 2240 373 2308 fuga
414 2244 751 2309 sequeretur.
825 2238 936 2293 Sed
972 2238 1206 2291 Catilina
1243 2241 1531 2306 postquam
1566 2239 1718 2293 videt
1748 2242 1945 2294 monti-

242 2315 346 2369 bus
389 2320 555 2384 atque
603 2316 770 2385 copiis
816 2314 1053 2368 hostium
1101 2331 1221 2368 sese
1268 2314 1524 2381 clausum,
1569 2315 1626 2367 in
1667 2315 1807 2369 urbe
1854 2334 1945 2371 res

242 2393 517 2459 advorsas,
546 2408 726 2460 neque
765 2392 928 2459 fugae
967 2407 1148 2458 neque
1171 2390 1410 2459 praesidi
1446 2390 1611 2444 ullam
1645 2409 1812 2461 spem,
1848 2410 1945 2461 op-

242 2474 455 2523 tumum
485 2468 636 2521 factu
673 2471 826 2521 ratus
858 2468 914 2519 in
950 2467 1047 2520 tali
1078 2483 1139 2519 re
1174 2467 1450 2519 fortunam
1483 2466 1613 2520 belli
1646 2470 1943 2536 temptare,

242 2544 440 2599 statuit
472 2561 594 2598 cum
621 2545 863 2597 Antonio
897 2561 1058 2612 quam
1092 2544 1327 2612 primum
1363 2544 1665 2610 confligere.
1743 2545 1945 2613 Itaque

241 2621 492 2675 contione
516 2620 779 2674 advocata
801 2620 1177 2688 hujuscemodi
1203 2620 1502 2673 orationem
1526 2619 1733 2674 habuit.

347 2704 428 2753 58.
470 2697 504 2725 “
523 2697 877 2765 Compertum
901 2714 1001 2764 ego
1027 2695 1217 2763 habe0‚
1244 2696 1463 2764 milites,
1488 2694 1654 2749 verba
1677 2696 1943 2750 virtutem

242 2791 349 2827 non
373 2774 594 2841 addere,
623 2790 799 2842 neque
819 2791 887 2826 ex
911 2774 1106 2841 ignavo
1133 2776 1417 2826 strenuum
1441 2789 1621 2841 neque
1644 2773 1845 2826 fortem
1871 2790 1943 2826 ex

243 2850 435 2905 timido
477 2851 778 2904 exercitum
820 2851 1065 2904 oratione
1107 2849 1454 2919 imperatoris
1502 2848 1638 2903 fieri.
1723 2848 1944 2912 Quanta

243 2927 508 2996 cujusque
532 2928 709 2980 animo
735 2927 962 2980 audacia
993 2929 1192 2980 natura
1214 2929 1309 2978 aut
1334 2925 1577 2979 moribus
1601 2925 1761 2992 inest,
1785 2927 1947 2978 tanta

242 3003 299 3055 in
323 3003 467 3056 bello
491 3007 683 3072 patere
708 3004 846 3057 solet
868 3024 881 3069 3
918 3019 1078 3071 quem
1105 3019 1283 3071 neque
1306 3002 1480 3070 gloria
1504 3018 1680 3069 neque
1705 3000 1948 3069 pericula

244 3081 501 3133 excitant.
526 3080 886 3147 nequicquam
910 3080 1131 3132 hortere
1155 3100 1167 3143 ;
1204 3078 1367 3131 timor
1392 3077 1554 3130 animi
1582 3077 1806 3130 auribus
1831 3077 1946 3129 offi-

244 3156 334 3208 cit.
406 3155 518 3208 Sed
554 3171 655 3222 ego
678 3171 773 3207 vos
809 3171 918 3223 quo
953 3171 1127 3224 pauca
1163 3170 1438 3206 monerem
1474 3153 1745 3218 advocavi,
1784 3153 1945 3206 simul

244 3231 328 3285 uti
383 3247 628 3284 caussam
682 3229 792 3283 mei
839 3230 1030 3284 consili
1086 3229 1370 3298 aperirem.
1461 3228 1626 3283 Scitis
1672 3228 1948 3307 equidem,
