2269 3561
959 199 996 248 J
1001 198 1378 249 UGURTHA.
1962 203 2018 249 59

317 281 520 340 vostris
552 281 816 337 obediens
847 282 982 335 erit:
1028 282 1108 334 sin
1139 298 1205 334 ea
1237 279 1551 346 contemnit,
1581 279 1789 333 scilicet
1821 279 2019 333 existit»

317 358 538 414 mabitis
564 360 740 429 qualis
764 359 859 413 illa
888 376 996 427 pax
1029 364 1124 412 aut
1150 360 1360 411 deditio
1386 358 1473 423 sit,
1499 375 1568 411 ex
1595 376 1702 427 qua
1726 358 1796 412 ad
1822 359 2019 427 ‚Iugur-

315 436 468 490 tham
503 437 768 491 scelerum
798 436 1111 505 impunitas,
1140 435 1210 487 ad
1236 452 1436 503 paucos
1469 436 1710 504 potentis
1735 453 2020 490 maxumae

315 513 554 578 divitiae,
591 513 664 566 ad
700 531 815 566 rem
850 512 1123 582 publicam
1163 512 1362 564 damna
1397 515 1564 580 atque
1598 512 1870 565 dedecora
1898 529 2015 579 per-

314 590 596 654 venerint3
652 591 755 642 nisi
804 590 946 642 forte
993 588 1236 641 nondum
1285 588 1453 640 etiam
1497 604 1592 640 vos
1641 588 2018 641 dominationis

314 682 503 719 eorum
536 667 763 719 satietas
797 670 963 732 tenet,
989 668 1047 718 et
1071 665 1164 718 illa
1197 681 1360 733 quam
1393 666 1528 718 haec
1562 668 1809 731 tempora
1845 666 2019 732 magis

314 742 547 811 placent,
591 760 760 811 quum
803 759 985 810 regna,
1029 734 1356 810 provinciae,
1400 742 1566 809 leges,
1606 740 1751 808 jura,
1793 741 2018 810 judicia,

315 817 459 871 bella
499 824 667 887 atque
705 835 881 887 paces,
924 824 1204 887 postremo
1250 818 1431 872 divina
1469 822 1527 871 et
1564 817 1800 870 humana
1839 819 2018 871 omnia

313 911 482 963 penes
506 911 704 962 paucos
722 899 894 958 erant,
909 911 1004 947 vos
1024 898 1225 961 autem,
1251 894 1357 947 hoc
1373 898 1459 948 est
1476 894 1709 963 populus
1729 895 2016 962 Romanus,

312 971 500 1023 invicti
531 970 601 1024 ab
625 971 890 1036 hostibus,
924 971 1287 1039 imperatores
1320 971 1558 1023 omnium
1590 971 1851 1038 gentium,
1884 973 2018 1025 satis

312 1046 598 1101 habebatis
644 1047 879 1100 animam
925 1047 1197 1111 retinere3
1250 1064 1375 1100 nam
1423 1046 1747 1099 servitutem
1794 1048 2016 1114 quidem

313 1123 436 1192 quis
475 1127 719 1177 vostrum
759 1140 1013 1178 recusare
1055 1122 1337 1177 audebat?
1410 1125 1599 1192 Atque
1641 1140 1759 1191 eg0,
1795 1126 2016 1179 tametsi

313 1200 487 1253 virum
527 1200 1026 1267 flagitiosissumum
1067 1200 1338 1253 existumo
1379 1200 1601 1268 impune
1641 1200 1716 1268 inj
1723 1201 1895 1253 uriam
1931 1218 2016 1255 ac-

312 1277 535 1344 cepisse,
561 1283 746 1330 tamen
773 1294 867 1329 vos
899 1275 1210 1330 hominibus
1243 1276 1692 1330 sceleratissumis
1724 1277 2015 1346 ignoscere,

313 1354 571 1421 quoniam
612 1354 757 1406 cives
800 1356 943 1421 sunt,
985 1368 1162 1421 aequo
1205 1353 1384 1405 animo
1432 1357 1667 1422 paterer,
1711 1354 1767 1406 ni
1813 1354 2023 1406 miseri-'

313 1429 501 1483 cord'a
524 1430 579 1482 in
604 1430 901 1498 perniciem
926 1446 1120 1483 casura
1147 1433 1306 1483 esset.
1369 1430 1512 1482 Nam
1531 1433 1589 1483 et
1607 1430 1726 1495 illis,
1753 1434 2015 1498 quantum

312 1504 746 1574 importunitatis
776 1506 996 1571 habent,
1032 1523 1227 1575 parum
1261 1512 1347 1559 est
1380 1507 1599 1574 impune
1633 1507 1774 1559 male
1809 1506 2015 1574 fecisse,

313 1581 417 1634 nisi
457 1581 658 1635 deinde
696 1582 934 1635 faciundi
967 1582 1192 1634 licentia
1222 1582 1455 1651 eripitur
1471 1603 1483 1648 ;
1524 1585 1582 1635 et
1608 1582 1760 1635 vobis
1793 1587 2016 1635 aeterna

314 1658 621 1711 sollicitudo
646 1658 968 1725 remanebit,
994 1668 1164 1726 quum
1188 1658 1520 1725 intellegetis
1544 1663 1641 1712 aut
1665 1659 2014 1713 serviundum

314 1750 434 1788 esse
466 1739 563 1788 aut
595 1751 696 1805 per
729 1752 922 1789 manus
946 1734 1259 1788 libertatem
1286 1735 1646 1789 retinendam.
1719 1736 1859 1789 Nam
1885 1735 2014 1790 fidei

316 1811 537 1923 quiiem
580 1816 676 1866 aut
710 1810 1037 1920 concordiae
1081 1828 1224 1878 quae
1261 1828 1384 1880 spes
1425 1815 1549 1866 est‘l
1622 1813 1900 1865 Dominari
1935 1813 2013 1865 illi

314 1962 478 2027 bere;
513 1968 791 2032 postremo
831 1964 988 2017 sociis
1019 1964 1220 2016 vostris
1258 1964 1428 2016 veluti
1468 1963 1727 2019 hostibus
1767 1965 2016 2018 hostibus

314 2056 415 2109 pro
447 2040 603 2093 sociis
635 2043 882 2094 utuntur.
956 2039 1263 2093 Potestne
1247 2057 1301 2092 111
1333 2044 1446 2092 tam
1480 2039 1713 2092 divorsis
1742 2040 2016 2093 mentibus

314 2115 553 2184 pax⁸aut
588 2116 830 2170 amicitia
865 2119 1026 2171 esse?
1100 2119 1282 2181 Quare
1318 2132 1511 2168 moneo
1547 2115 1843 2185 hortorque
1878 2115 2016 2186 [vos]

313 2208 384 2245 ne
417 2197 631 2246 tantum
660 2193 834 2246 scelus
862 2193 1191 2261 impunitum
1223 2191 1505 2245 omittatis.
1577 2192 1627 2244 N
1633 2209 1701 2244 on
1733 2192 2017 2260 peculatus

315 2270 492 2322 aerari
520 2270 697 2322 factus
722 2272 821 2337 est,
852 2285 1030 2336 neque
1055 2285 1155 2337 per
1181 2268 1288 2320 vim
1316 2268 1471 2321 sociis
1498 2273 1718 2336 ereptae
1742 2269 2017 2337 pecuniae,

314 2363 454 2413 quae
483 2363 813 2414 quamquam
847 2346 1036 2413 gravia
1075 2348 1216 2410 sunt,
1256 2348 1438 2398 tamen
1476 2347 1868 2399 consuetudine
1898 2346 2017 2414 jam

313 2438 415 2490 pro
453 2421 620 2475 nihilo
660 2422 946 2476 habentur.
1037 2421 1200 2475 Hosti
1249 2438 1530 2474 acerrumo
1578 2422 1796 2489 prodita
1842 2422 2018 2475 senati

316 2499 628 2565 auctoritas,
661 2499 940 2566 proditum
969 2498 1257 2566 imperium
1284 2503 1558 2562 vostrum3
1596 2498 1743 2551 domi
1774 2500 2019 2552 militiae-

317 2592 425 2644 que
451 2592 538 2628 res
562 2575 775 2644 publica
801 2575 1006 2627 venalis
1035 2575 1154 2628 fuit.
1229 2574 1382 2638 Quae
1416 2575 1518 2627 nisi
1557 2577 1805 2641 quaesita
1839 2579 2017 2639 crunt,

315 2652 419 2704 nisi
460 2651 791 2704 vindicatum
834 2651 887 2703 in
930 2652 1133 2717 noxiOS‚
1178 2651 1311 2719 quid
1359 2651 1464 2704 erit
1502 2651 1774 2719 reliquum
1817 2651 1917 2703 uisi
1956 2655 2021 2704 ut

316 2728 424 2780 illis
460 2728 554 2796 qui
591 2744 656 2780 ea
691 2728 870 2781 fecere
909 2727 1229 2780 obedientes
1266 2727 1550 2781 vivamus?
1622 2728 1764 2780 Nam
1801 2729 2020 2795 impune

316 2820 456 2872 quae
490 2803 644 2856 lubet
676 2804 872 2865 facere,
908 2803 968 2855 id
1002 2806 1086 2856 est
1124 2820 1309 2870 regem
1344 2820 1479 2857 esse.
1552 2804 1749 2870 Neque
1783 2820 1885 2871 ego
1910 2821 2019 2871 vos,

318 2880 574 2945 Quirites,
609 2879 800 2932 hortor
828 2884 892 2933 ut
923 2879 1126 2932 malitis
1154 2880 1283 2932 civis
1307 2884 1519 2932 vostros
1545 2897 1830 2949 perperam
1858 2896 2022 2948 quam

316 2958 468 3009 recte
500 2955 709 3023 fecisse,
743 2955 843 3008 sed
876 2972 945 3008 ne
976 2955 1305 3022 ignoscendo
1345 2956 1499 3008 malis
1540 2957 1708 3008 bonos
1744 2957 2023 3023 perditum

315 3033 468 3084 eatis.
547 3031 639 3084 Ad
679 3031 779 3084 hoc
821 3032 878 3084 in
920 3048 981 3085 re
1021 3031 1239 3100 publica
1280 3033 1452 3085 multo
1501 3038 1747 3104 praestat
1794 3032 2022 3086 benefici

317 3124 481 3175 quam
522 3107 756 3161 malefici
804 3108 1177 3161 immemorem
1223 3126 1371 3171 esse;
1431 3108 1603 3161 bonus
1647 3109 2024 3161 tantummodo

315 3184 532 3246 segnior
558 3184 638 3251 fit,
661 3183 756 3236 ubi
780 3185 1051 3252 neglegaS,
1077 3189 1136 3237 at
1160 3185 1335 3237 malus
1360 3185 1669 3252 improbior.
1735 3184 1827 3237 Ad
1853 3184 1954 3237 hoc
1981 3185 2022 3235 si

316 3259 550 3328 injuriae
575 3276 681 3312 non
707 3260 832 3327 sint,
857 3260 1006 3314 haud
1030 3277 1196 3329 saepe
1221 3260 1388 3313 auxili
1415 3260 1619 3328 egeas.''
