2269 3561
215 183 275 231 28
706 182 762 230 O.
801 181 1147 231 SALLUSTI
1184 182 1421 232 CRISPI

210 262 389 329 legem
432 261 641 327 timere,
682 278 850 327 quum
893 278 1011 315 eam
1050 262 1107 314 in
1147 262 1356 331 majore
1395 261 1743 330 neglexeris?
1835 263 1914 315 At

212 337 356 390 enim
394 337 515 405 quis
553 337 919 403 reprehendet
953 338 1102 405 quod
1136 339 1192 391 in
1224 339 1522 407 parricidas
1554 338 1634 391 rei
1666 338 1916 405 publicae

214 414 497 467 decretum
518 413 624 466 erit
645 416 693 475 lsi
721 414 970 481 Tempus,
991 415 1122 478 dies
1141 415 1375 481 fortuna,
1392 415 1549 483 cujus
1574 413 1759 467 lubido
1783 431 1916 481 gen-

213 489 362 542 tibus
402 491 734 543 moderatur.
811 490 929 542 Illis
971 492 1169 544 merito
1208 492 1417 544 accidet
1455 490 1717 559 quiequid
1755 508 1914 544 even-

212 567 348 632 erit3
383 571 627 619 ceterum
647 585 754 634 vesi,
780 572 966 636 patres
991 568 1297 636 conscripti,
1324 567 1458 635 quid
1475 569 1529 620 in
1555 568 1691 621 alios
1710 571 1914 620 statua-

212 643 284 695 tis
323 642 677 696 considerate.
768 643 963 696 Omnia
1011 644 1154 696 mala
1197 643 1447 711 exempla
1485 661 1549 697 ex
1590 644 1747 697 bonis
1789 648 1912 696 orta

212 722 357 772 sunt.
427 719 536 773 Sed
574 719 667 771 ubi
706 720 995 788 imperium
1033 721 1103 772 ad
1145 720 1360 786 ignaros
1398 723 1495 773 aut
1532 719 1710 773 minus
1742 719 1912 771 bonos

211 797 477 863 pervenit,
502 811 702 848 novum
728 796 864 848 illud
890 796 1197 863 exemplum
1224 795 1294 848 ab
1320 796 1499 862 dignis
1525 800 1581 848 et
1607 795 1815 848 idoneis
1838 795 1911 847 ad

162 932 165 935 ,
211 871 460 938 indignos
486 876 543 924 et
567 888 671 922 non
697 871 921 924 idoneos
955 872 1298 924 transfertur.
1375 871 1790 924 Lacedaemonii
1816 871 1912 924 de-

212 947 372 1000 victis
414 947 840 1000 Atheniensibus
880 947 1106 1013 triginta
1133 949 1278 1000 viros
1310 947 1634 1016 imposuere,
1669 948 1762 1015 qui
1796 964 1912 1000 rem

211 1014 482 1091 publicam
524 1039 710 1075 eorum
752 1026 1066 1076 timactarent
1147 1023 1220 1076 Hi
1258 1025 1435 1091 primo
1465 1041 1693 1092 coepere
1729 1040 1914 1092 pessu-

211 1116 360 1152 mum
387 1116 656 1168 quemque
681 1103 739 1152 et
759 1099 1048 1152 omnibus
1033 1098 1265 1151 invisum
1289 1099 1667 1152 indemnatum
1690 1116 1915 1164 necare3

213 1192 280 1227 ea
318 1176 549 1244 populus
597 1176 788 1228 laetari
832 1181 891 1228 et
932 1176 1129 1228 merito
1178 1175 1361 1228 dicere
1409 1176 1543 1228 fieri.
1632 1176 1778 1242 Post,
1820 1176 1913 1228 ubi

211 1252 472 1318 paulatim
496 1253 717 1305 licentia
742 1251 929 1318 crevit,
948 1250 1114 1318 juxta
1133 1250 1304 1303 bonos
1330 1259 1388 1304 et
1412 1252 1583 1305 malos
1608 1251 1914 1305 lubidinose

216 1328 537 1393 interficere,
577 1332 789 1381 eeteros
827 1332 980 1380 metu
1017 1332 1241 1380 terrere.
1321 1328 1410 1380 Ita
1434 1329 1624 1381 civitas
1651 1328 1915 1381 servitute
1923 1364 1988 1429 ᾖ

212 1420 471 1472 oppressa
497 1405 699 1457 stultae
733 1405 977 1457 laetitiae
1009 1404 1191 1470 gravis
1230 1421 1431 1472 poenas
1465 1404 1634 1457 dedit.
1711 1404 1916 1457 Nostra

212 1481 473 1533 memoria
491 1482 663 1533 vietor
690 1480 850 1543 Sulla,
873 1497 1039 1548 quum
1068 1480 1463 1550 Damasippum
1488 1485 1545 1533 et
1570 1481 1703 1533 alios
1727 1480 1915 1548 hujus-

213 1556 376 1622 modi,
414 1556 506 1624 qui
539 1557 680 1608 malo
720 1555 800 1608 rei
839 1555 1085 1623 publicae
1119 1560 1421 1620 creverant,
1451 1555 1695 1623 jugulari
1728 1557 1912 1624 jussit,

215 1632 336 1699 quis
372 1649 479 1684 non
521 1632 723 1684 factam
764 1631 882 1698 ejus
926 1631 1224 1685 laudabat?
1268 1632 1518 1684 homines
1559 1633 1817 1685 scelestos
1856 1636 1915 1685 et

212 1708 478 1773 factioso&
504 1708 598 1775 qui
633 1707 991 1760 seditionibus
1027 1725 1141 1760 reni
1178 1709 1450 1775 publicam
1485 1709 1910 1775 exagitaverant,

214 1786 412 1837 merito
450 1788 670 1864 necatos
713 1785 944 1837 aiebant.
1033 1785 1144 1837 Sed
1183 1802 1247 1838 ea
1287 1802 1376 1838 res
1420 1802 1649 1852 magnae
1697 1786 1913 1838 initium

215 1861 385 1913 cladis
409 1861 565 1913 fuit.
570 1839 746 1913 &Nam
777 1861 861 1913 uti
890 1861 1121 1929 quisque
1151 1861 1371 1914 domum
1412 1866 1508 1915 aut
1532 1862 1730 1926 villam,
1768 1854 1915 1929 post-

215 1954 364 1989 remo
388 1954 481 1990 vas
514 1933 622 1994 aut.
635 1936 1019 1991 vestimentum
1055 1937 1287 2006 alicujus
1322 1939 1714 2006 concupiverat,
1747 1938 1915 1992 dabat

216 2029 434 2081 operam
474 2018 536 2066 ut
574 2014 620 2065 is
660 2014 715 2066 in
755 2014 1184 2082 proscriptorum
1214 2032 1439 2067 numero
1473 2019 1631 2067 esset.
1707 2016 1796 2068 Ita
1819 2016 1913 2079 illi,

215 2091 409 2157 quibus
437 2090 751 2158 Damasippi
781 2107 927 2142 mors
957 2090 1201 2143 laetitiae
1234 2091 1430 2156 fuerat,
1463 2091 1624 2159 paulo
1656 2095 1783 2160 post
1810 2091 1914 2159 ipsi

215 2166 588 2232 trahebantur,
616 2183 792 2233 neque
817 2167 969 2235 prius
996 2167 1117 2219 finis
1128 2166 1421 2234 jugulandi
1446 2167 1551 2219 fuit
1576 2184 1738 2235 quam
1766 2167 1914 2221 Sulla

213 2243 388 2294 omnis
427 2259 551 2294 suos
592 2242 795 2296 divitiis
834 2243 1087 2308 explevit.
1165 2246 1353 2311 Atque
1396 2259 1497 2310 ego
1539 2243 1672 2295 haec
1712 2261 1815 2296 non
1859 2244 1913 2296 in

215 2318 289 2370 M.
319 2318 507 2386 Tullio,
544 2335 721 2386 neque
750 2319 836 2372 his
865 2320 1203 2386 temporibus
1229 2336 1453 2384 vereor;
1496 2318 1596 2372 sed
1629 2320 1682 2371 in
1717 2336 1914 2386 magna

213 2394 436 2447 civitate
470 2395 643 2448 multa
678 2398 734 2447 et
763 2395 914 2446 varia
946 2395 1164 2462 ingenia
1198 2399 1336 2448 sunt.
1414 2395 1605 2448 Potest
1639 2395 1744 2447 alio
1777 2398 1915 2448 tem·

213 2486 362 2540 pore,
381 2471 484 2523 alio
509 2471 741 2535 consule,
763 2470 848 2522 cni
873 2471 1009 2524 item
1036 2472 1311 2525 exercitus
1334 2471 1389 2524 in
1414 2488 1578 2523 manu
1604 2473 1691 2537 sit,
1718 2472 1912 2524 falsum

214 2547 422 2614 aliquid
469 2564 566 2615 pro
609 2564 735 2599 vero
779 2547 963 2612 credi;
1015 2548 1107 2601 ubi
1148 2547 1248 2600 hoc
1298 2547 1546 2615 exemplo
1594 2564 1695 2615 per
1736 2549 1913 2601 senati

215 2623 500 2676 decretum
537 2624 720 2676 consul
760 2623 1004 2689 gladium
1044 2624 1311 2689 eduxerit,
1352 2624 1475 2691 quis
1506 2624 1582 2675 illi
1616 2624 1779 2676 finem
1805 2629 1915 2676 sta-

216 2704 350 2764 tuet,
370 2704 464 2752 aut
488 2700 609 2767 quis
636 2700 1043 2754 moderabitur?
1099 2701 1341 2767 Majores
1367 2700 1555 2767 nostri,
1581 2703 1766 2769 patres
1791 2717 1917 2753 con-

217 2775 421 2844 scripti,
460 2793 637 2843 neque
675 2776 865 2829 consili
900 2794 1075 2845 neque
1117 2777 1377 2829 audaciae
1411 2793 1668 2844 umquam
1702 2792 1917 2843 eguere‚

216 2867 396 2919 neque
421 2852 527 2904 illis
552 2851 808 2920 superbia
833 2853 1084 2905 obstabat
1111 2869 1218 2920 quo
1243 2854 1422 2905 minus
1444 2852 1619 2904 aliena
1644 2852 1913 2916 instituta,

218 2927 442 2980 simodo
466 2928 639 2996 proba
663 2933 833 2994 erant,
860 2929 1217 2982 imitarentur.
1263 2931 1435 2981 Arma
1455 2932 1620 2997 atque
1645 2928 1757 2981 tela
1779 2929 1917 2980 mili-

218 3003 360 3067 taria
401 3004 470 3056 ab
515 3004 863 3072 SamnitibuS,
898 3004 1125 3071 insignia
1159 3006 1578 3072 magistratuum
1617 3004 1686 3056 ab
1727 3004 1916 3057 Tuscis

216 3079 476 3147 pleraque
509 3084 890 3148 su'mpserunt3
925 3086 1201 3147 postremo
1231 3079 1378 3147 quod
1407 3080 1608 3148 ubique
1647 3080 1792 3149 apud
1832 3097 1916 3131 so-

218 3156 330 3208 cios
361 3159 458 3206 aut
492 3154 667 3207 hostis
701 3156 954 3207 idoneum
987 3156 1294 3224 videbatur,
1328 3174 1451 3209 cum
1491 3173 1701 3209 summo
1733 3155 1916 3209 studio

220 3230 368 3284 domi
387 3231 855 3298 exsequebantur3
891 3230 1094 3284 imitari
1113 3249 1277 3301 quam
1301 3232 1548 3287 invidere
1571 3232 1727 3286 bonis
1750 3232 1917 3287 male-
