2269 3561
249 195 310 242 50
748 191 802 238 C.
841 189 1188 248 SALLUSTI
1222 190 1454 238 CRISPI

247 274 613 358 terpretatum
646 270 803 322 nobis
836 274 935 335 est,
961 270 1154 338 utique
1185 288 1300 323 rem
1334 282 1452 324 sese
1484 271 1687 326 habere
1718 273 1955 327 cultores

190 412 193 419 f
247 347 368 415 ejus
392 352 576 400 terrae
608 350 821 434 putant,
844 363 1004 415 quam
1040 347 1398 419 paucissumis
1429 347 1620 400 dicam.
1695 348 1957 403 Ceterum

246 423 384 476 fides
409 422 528 491 ejus
551 423 633 475 rei
658 439 827 494 penes
853 427 1104 476 auctores
1128 424 1249 476 erit.
1399 462 1406 471 .

354 506 432 555 18.
486 500 734 553 Africam
759 499 915 552 initio
938 499 1179 552 habuere
1205 499 1425 554 Gaetuli
1450 505 1509 554 et
1536 500 1747 569 LibyeS,
1772 517 1923 569 aspe
1936 502 1958 554 i

244 576 561 644 incultique,
589 576 713 644 quis
737 575 891 628 cibus
916 589 1036 629 erat
1061 594 1188 630 caro
1217 577 1392 630 ferina
1420 582 1586 645 atque
1610 578 1760 630 humi
1785 578 1958 645 pabu-

245 652 372 719 lum,
399 652 481 705 uti
515 651 818 721 pecoribus,
891 651 969 704 Hi
1002 669 1181 722 neque
1216 654 1460 707 moribus
1492 671 1668 722 neque
1702 654 1822 722 lege
1858 659 1959 708 aut

246 729 476 797 imperio
509 728 829 798 cujusquam
859 728 1226 796 regebantur3
1261 731 1401 797 vagi,
1425 731 1689 798 palanteS,
1714 747 1825 799 qua
1846 748 1957 783 nox

245 809 514 872 coegerat,
552 804 711 858 sedes
749 804 1042 859 habebant.
1117 806 1228 859 Sed
1264 811 1552 874 postquam
1590 808 1645 860 in
1689 809 1959 877 Hispania

247 882 533 947 HerculeS,
560 882 701 934 sieut
724 882 850 934 Afri
874 885 1089 950 putant,
1112 883 1339 949 interiit,
1361 885 1634 937 exercitus
1653 884 1788 952 ejuS,
1814 901 1958 937 com-

245 959 456 1027 positus
482 976 548 1010 ex
574 959 738 1010 variis
763 958 1035 1026 gentibus,
1061 961 1259 1013 amisso
1285 959 1425 1013 duce
1449 977 1511 1014 ae
1536 961 1737 1029 passim
1762 961 1956 1014 multis

245 1034 350 1087 sibi
383 1036 613 1103 quisque
646 1035 935 1105 imperium
972 1037 1306 1105 petentibus,
1341 1035 1495 1089 brevi
1532 1037 1807 1090 dilabitur.
1868 1038 1954 1090 Ex

245 1128 311 1165 eo
336 1128 561 1165 numero
582 1112 750 1173 Medi,
779 1114 980 1166 Persae
1006 1118 1063 1167 et
1084 1113 1349 1181 Armenii,
1372 1113 1601 1167 navibus
1629 1114 1684 1166 in
1706 1114 1954 1168 Africam

246 1190 541 1242 transvecti
568 1207 863 1258 proxumos
887 1193 1073 1243 nostro
1100 1191 1238 1243 mari
1262 1190 1407 1243 locos
1432 1207 1778 1258 occupavere.
1841 1190 1954 1244 Sed

247 1265 448 1318 Persae
482 1266 627 1317 intra
657 1266 936 1318 Oceanum
972 1266 1176 1333 magis;
1212 1266 1376 1334 hique
1409 1267 1589 1320 alveos
1621 1267 1839 1319 navium
1872 1266 1952 1319 in-

243 1357 429 1395 vorsos
449 1359 548 1411 pro
571 1342 803 1410 tuguriis
827 1341 1084 1407 habuere,
1109 1343 1238 1410 quia
1261 1359 1441 1410 neque
1465 1343 1699 1396 materia
1722 1344 1777 1395 in
1804 1343 1952 1411 agris

243 1436 422 1486 neque
463 1419 533 1471 ab
582 1419 840 1487 Hispanis
884 1419 1107 1472 emundi
1156 1423 1252 1472 aut
1300 1418 1548 1472 mutandi
1598 1421 1752 1486 copia
1799 1423 1949 1484 erat3

244 1512 394 1548 mare
422 1512 676 1562 magnum
703 1498 761 1548 et
789 1496 979 1562 ignara
1007 1495 1191 1562 lingua
1215 1496 1538 1549 commercia
1569 1494 1949 1565 prohibebant.

245 1572 325 1625 Hi
357 1571 619 1641 paulatim
646 1590 746 1641 per
770 1570 1037 1623 connubia
1062 1572 1325 1625 Gaetulos
1350 1589 1535 1626 secum
1560 1573 1855 1636 miscuere3
1891 1577 1950 1626 et

244 1649 370 1716 quia
398 1665 558 1716 saepe
592 1651 930 1714 temptantes
959 1664 1119 1714 agros
1144 1649 1262 1710 alia,
1289 1648 1593 1717 deindemall
1659 1648 1777 1701 loca
1807 1650 1945 1716 peti-

242 1729 450 1794 verant,
477 1729 653 1778 semet
684 1724 788 1793 ipsi
822 1724 1100 1776 Nomadas
1130 1724 1502 1794 appellavere(
1535 1720 1554 1743 '⁸
1637 1729 1819 1778 terum
1852 1726 1944 1778 ad-

242 1803 347 1857 huc
383 1803 633 1856 aedificia
670 1802 1032 1854 Numidarum
1069 1803 1385 1869 agrestjmn,
1425 1801 1564 1871 qua'e
1599 1803 1835 1876 mapalia
1869 1804 1947 1857 illi

242 1884 455 1947 vocant,
491 1880 734 1948 oblonga,
767 1879 1004 1932 ineurvis
1039 1878 1305 1932 lateribus
1341 1883 1505 1947 tecta,
1539 1882 1694 1949 quasi
1730 1882 1946 1934 navium

243 1958 459 2016 carinae
497 1961 637 2009 sunt.
709 1956 889 2010 Medis
925 1961 1111 2010 autem
1146 1961 1205 2010 et
1240 1958 1516 2009 Armeniis
1549 1973 1827 2020 accessere
1859 1957 1947 2010 Li-
2005 1963 2010 1970 “

241 2033 387 2103 byeS,
420 2051 545 2087 nam
576 2034 633 2086 hi
670 2034 894 2102 propius
930 2050 1080 2085 mare
1117 2033 1362 2086 Africum
1400 2033 1696 2101 agitabant,
1728 2034 1946 2087 Gaetuli

243 2111 343 2165 sub
369 2112 481 2165 sole
505 2112 678 2179 magis
702 2110 850 2163 haud
874 2110 1061 2179 procul
1087 2110 1157 2162 ab
1184 2111 1499 2183 ardoribus;
1535 2111 1701 2177 hique
1730 2111 1972 2163 matures

243 2188 448 2258 oppida
481 2188 753 2251 habuere3
790 2203 913 2238 nam
949 2186 1092 2239 freto
1126 2186 1283 2238 divisi
1320 2186 1389 2239 ab
1430 2187 1700 2256 Hispania
1730 2190 1947 2240 mutare

242 2282 331 2319 res
369 2267 515 2319 inter
553 2283 612 2319 se
644 2265 1010 2317 instituerant.
1084 2264 1298 2315 Nomen
1332 2281 1520 2315 eorum
1556 2263 1821 2332 paulatim
1863 2264 1947 2316 Li-

241 2342 375 2409 byes
413 2359 722 2411 corrupere,
758 2340 990 2394 barbara
1025 2340 1211 2407 lingua
1245 2340 1469 2393 Mauros
1503 2358 1603 2408 pro
1637 2340 1817 2394 Medis
1851 2358 1945 2409 ap-

241 2420 523 2489 pellantes.
596 2419 706 2473 Sed
741 2434 828 2470 res
856 2419 1147 2470 Persarum
1176 2417 1331 2470 brevi
1364 2416 1631 2481 adolevit3
1668 2433 1730 2469 ae
1753 2420 1945 2484 postea

242 2497 458 2548 nomine
500 2495 790 2561 Numidae,
829 2500 1056 2562 propter
1098 2493 1508 2547 multitudinem
1551 2511 1584 2546 a
1623 2493 1945 2562 parentibus

244 2573 490 2640 digressi,
517 2572 812 2641 possedere
842 2587 906 2623 ea
938 2571 1057 2623 loca
1086 2588 1224 2639 quae
1256 2588 1523 2640 proxume
1554 2570 1942 2637 Carthaginem

243 2649 506 2703 Numidia
530 2650 850 2717 appellatur.
895 2648 1035 2701 Dein
1061 2648 1281 2715 utrique
1306 2648 1495 2700 alteris
1519 2648 1647 2700 freti
1666 2647 1945 2699 finitumos

243 2727 409 2780 armis
448 2732 543 2779 aut
581 2730 731 2779 metu
780 2723 882 2778 sub
922 2725 1209 2792 imperium
1259 2741 1415 2776 suum
1458 2730 1704 2791 coegere,
1746 2739 1943 2775 nomen

241 2804 578 2872 gloriamque
606 2804 708 2855 sibi
733 2801 1016 2869 addidere,
1041 2802 1215 2869 magis
1238 2802 1275 2854 ii
1301 2802 1393 2868 qui
1421 2801 1492 2853 ad
1521 2804 1766 2854 nostrum
1792 2815 1944 2851 mare

243 2885 620 2948 processerant
653 2881 779 2948 quia
813 2880 1010 2946 Libyes
1036 2895 1200 2947 quam
1227 2877 1445 2931 Gaetuli
1477 2878 1655 2930 minus
1684 2876 1941 2930 bellicosi.

248 2959 496 3025 Denique
526 2958 745 3010 Africae
769 2974 895 3025 pars
919 2956 1145 3009 inferior
1167 2955 1428 3025 pleraque
1453 2955 1523 3007 ab
1548 2954 1802 3007 Numidis
1827 2970 1946 3021 pos-

247 3051 395 3086 sessa
431 3038 545 3095 est;
591 3035 715 3087 vieti
754 3050 940 3087 omnes
976 3034 1030 3085 in
1069 3038 1292 3101 gentem
1330 3048 1633 3100 nomenque
1672 3032 1943 3099 imperan-

246 3111 385 3164 tium
408 3126 735 3176 concessere.

274 3207 277 3208 ⁷
357 3192 432 3239 19.
507 3185 706 3239 Postea
731 3185 1040 3248 Phoenices,
1067 3185 1156 3237 alii
1188 3185 1556 3239 multitudinis
1590 3184 1737 3237 domi
1769 3181 1945 3234 minu-

248 3262 352 3315 end
360 3272 438 3315 ae‘
458 3262 656 3330 gratia,
681 3278 806 3331 pars
841 3260 1037 3331 imperi
1073 3261 1327 3331 cupidine
1363 3261 1655 3314 sollicitata
1689 3257 1850 3328 plebe
1884 3262 1945 3312 et
