2269 3561
257 207 319 253 94
751 207 805 253 O.
845 205 1192 253 SALLUSTI
1230 204 1463 252 CRISPI

256 305 383 341 nam
424 288 684 342 Metellus
721 291 1072 356 conspectum
1111 286 1254 339 Mari
1290 286 1524 353 fugerat,
1555 299 1625 337 ne
1650 281 1872 336 videret
1904 296 1971 333 ea

257 382 398 433 quae
424 366 615 418 audita
638 365 851 417 animus
876 364 1115 417 tolerare
1140 362 1475 431 nequiverat.

363 447 444 499 87.
519 442 628 496 Sed
671 441 855 494 consul
905 440 1141 508 expletis
1188 438 1492 506 legionibus
1540 436 1972 503 cohortibusque

259 518 558 571 auxiliariis
597 517 653 569 in
694 534 882 584 agrum
921 517 1158 569 fertilem
1199 522 1256 569 et
1294 515 1503 585 praeda
1543 516 1798 566 onustum
1841 529 1974 581 pro-

258 595 535 659 ficiscitur,
561 594 739 646 omnia
763 592 839 645 ibi
870 597 1031 661 capta
1063 593 1331 645 militibus
1366 592 1546 655 donat,
1580 590 1709 643 dein
1741 590 1972 645 castella

260 675 318 723 et
343 671 546 739 oppida
569 674 763 722 natura
782 674 841 723 et
856 670 985 722 viris
1005 687 1195 738 parum
1224 669 1433 721 munita
1457 668 1791 735 aggreditur,
1810 684 1975 736 proe-

260 747 333 799 lia
356 747 545 809 multa,
569 751 813 800 ceterum
839 746 994 812 levia,
1021 745 1127 798 alia
1152 745 1271 798 aliis
1295 745 1425 798 locis
1450 745 1642 797 facere.
1734 744 1975 799 Interim

261 824 383 876 novi
424 824 624 876 milites
664 823 777 875 sine
810 827 961 876 metu
1000 839 1214 890 pugnae
1253 823 1460 889 adesse,
1485 822 1673 874 videre
1706 822 1975 890 fugientis

261 900 379 967 capi
416 904 513 953 aut
545 898 731 965 occidi,
768 898 1142 952 fortissumum
1181 915 1454 967 quemque
1488 897 1860 965 tutissumum,
1887 916 1977 952 ar-

261 976 366 1028 mis
395 975 724 1042 libertatem,
757 975 994 1044 patriam
1029 981 1396 1044 parentesque
1420 979 1479 1029 et
1503 976 1609 1028 alia
1634 977 1815 1029 omnia
1840 979 1974 1044 tegi,

261 1052 490 1119 gloriam
533 1056 702 1121 atque
746 1051 963 1104 divitias
1009 1052 1212 1119 quaeri.
1289 1052 1375 1106 Sic
1421 1051 1574 1105 brevi
1622 1053 1798 1120 spatio
1845 1055 1976 1107 novi

265 1133 590 1197 veteresque
630 1128 890 1191 coaluere,
931 1132 989 1182 et
1026 1128 1202 1180 virtus
1241 1128 1481 1181 omnium
1522 1129 1763 1197 aequalis
1810 1130 1978 1184 facta.

267 1207 347 1259 At
370 1222 545 1273 reges,
578 1204 672 1257 ubi
708 1203 779 1257 de
812 1204 1054 1257 adventu
1086 1203 1230 1256 Mari
1268 1208 1655 1272 cognoverunt,
1683 1204 1891 1259 divorsi
1918 1208 1977 1261 in

264 1281 410 1334 locos
452 1281 681 1335 difficilis
720 1280 938 1333 abeunt.
1036 1280 1126 1334 Ita
1168 1281 1205 1333 J
1212 1282 1483 1348 ugurthae
1530 1281 1811 1349 placuerat
1851 1301 1979 1352 spe-

266 1358 410 1411 ranti
449 1376 575 1411 mox
613 1358 812 1410 effusos
849 1356 1021 1409 hostis
1059 1357 1239 1409 invadi
1265 1374 1457 1426 posse3
1497 1358 1784 1433 Romanos,
1812 1360 1978 1414 sicuti

267 1434 569 1502 plerosque,
595 1440 806 1487 remoto
832 1437 982 1486 metu
1006 1433 1182 1497 laxius
1207 1433 1569 1502 licentiusque
1593 1435 1822 1489 futuros.

374 1517 453 1564 88.
526 1510 785 1562 Metellus
809 1509 1020 1561 interea
1047 1509 1277 1561 Romam
1303 1510 1578 1578 profectus
1603 1515 1794 1565 contra
1817 1530 1976 1581 spem

271 1602 421 1639 suam
467 1586 794 1639 laetissumis
841 1585 1035 1637 animis
1083 1586 1369 1653 excipitur,
1417 1586 1566 1654 plebi
1612 1588 1978 1657 patribusque

269 1666 557 1730 postquam
594 1661 797 1713 invidia
830 1660 1143 1714 decesserat
1177 1662 1342 1728 juxta
1374 1680 1544 1716 carus.
1619 1663 1730 1717 Sed
1764 1664 1977 1719 Marius

269 1738 501 1807 impigre
542 1737 951 1806 prudenterque
994 1753 1215 1790 suorum
1254 1742 1312 1791 et
1353 1740 1590 1793 hostium
1633 1757 1722 1794 res
1761 1741 1977 1810 pariter

269 1815 571 1878 attendere,
621 1830 945 1881 cognoscere
992 1813 1126 1882 quid
1173 1814 1301 1867 boni
1350 1817 1599 1884 utrisque
1647 1823 1743 1870 aut
1785 1822 1979 1873 contra

271 1895 430 1956 esset,
452 1890 735 1958 explorare
760 1890 958 1942 itinera
982 1906 1189 1957 regum,
1208 1891 1431 1943 consilia
1455 1896 1512 1944 et
1536 1892 1977 1962 insidiaspeorum

270 1969 597 2033 antevenire,
649 1966 780 2019 nihil
820 1967 965 2035 apud
1007 1983 1065 2019 se
1104 1968 1391 2021 remissum
1439 1985 1618 2037 neque
1656 1970 1805 2038 apud
1853 1971 1979 2025 illos

271 2047 452 2098 tutum
485 2045 615 2113 pati.
689 2044 885 2110 Itaque
911 2047 966 2096 et
993 2044 1255 2096 Gaetulos
1279 2048 1336 2097 et
1362 2046 1399 2098 J
1401 2046 1693 2121 ugurtham
1722 2064 1789 2099 ex
1817 2048 1980 2102 sociis

272 2121 473 2174 nostris
501 2121 733 2188 praedas
762 2120 973 2186 agentis
1008 2136 1171 2188 saepe
1205 2137 1494 2187 aggressus
1519 2122 1574 2173 in
1599 2122 1795 2174 itinere
1820 2124 1980 2177 fude-

271 2201 373 2262 rat,
400 2198 687 2265 ipsumque
711 2213 896 2263 regem
921 2196 1069 2248 haud
1097 2196 1283 2263 procul
1314 2197 1384 2249 ab
1409 2197 1608 2264 oppido
1635 2197 1787 2251 Cirta
1811 2201 1980 2253 armis

272 2277 513 2326 exuerat.
602 2273 752 2337 Quae
792 2275 1079 2339 postquam
1122 2272 1357 2339 gloriosa
1405 2273 1566 2325 modo
1615 2291 1795 2343 neque
1844 2275 1978 2329 belli

270 2349 525 2417 patrandi
559 2349 825 2417 cognovit,
859 2347 1056 2401 statuit
1088 2348 1254 2415 urbiS,
1281 2366 1419 2416 quae
1445 2350 1575 2403 viris
1599 2354 1695 2403 aut
1724 2350 1842 2404 loco
1875 2369 1980 2420 pro

270 2425 519 2479 hostibus
552 2429 610 2478 et
641 2426 931 2477 advorsum
962 2441 1021 2476 se
1052 2425 1561 2493 opportunissumae
1592 2430 1764 2492 erant,
1798 2428 1982 2496 singu-

271 2502 351 2556 las
389 2502 809 2564 circumvenire3
858 2501 935 2553 ita
975 2500 1311 2568 Jugurtham
1353 2506 1449 2554 aut
1486 2502 1772 2571 praesidiis
1805 2505 1981 2557 nuda-

272 2583 408 2645 tum,
459 2579 504 2630 si
550 2594 615 2631 ea
661 2580 960 2644 pateretur,
1009 2581 1105 2629 aut
1152 2577 1356 2644 proelio
1405 2582 1758 2633 certaturum,
1832 2580 1980 2634 Nam

274 2655 522 2709 Bocchus
568 2654 789 2712 nuntios
828 2651 899 2705 ad
938 2670 1062 2705 eum
1112 2670 1275 2721 saepe
1323 2654 1560 2722 miserat,
1600 2656 1740 2709 velle
1788 2658 1978 2729 populi

275 2731 507 2785 Romani
546 2730 866 2793 amicitiam3
903 2746 972 2782 ne
1006 2729 1140 2797 quid
1171 2731 1240 2782 ab
1273 2747 1332 2782 sc
1365 2730 1561 2784 hostile
1594 2732 1829 2786 timeret.
1907 2734 1980 2787 Id

273 2808 696 2872 simulaveritne,
748 2821 856 2873 quo
907 2805 1229 2872 improvisus
1281 2807 1499 2873 gravior
1561 2809 1852 2876 accideret,
1909 2827 1981 2863 an

272 2884 578 2937 mobilitate
618 2882 801 2950 ingeni
838 2898 1027 2949 pacem
1065 2885 1234 2950 atque
1271 2881 1474 2935 bellum
1524 2888 1738 2937 mutare
1773 2885 1980 2950 solituS,

274 2977 470 3030 parum
495 2959 841 3028 exploratum
868 2961 965 3010 est.

379 3042 459 3088 89.
532 3035 642 3087 Sed
684 3033 884 3096 consul,
934 3032 1015 3084 uti
1065 3037 1350 3099 statuerat,
1401 3035 1603 3104 oppida
1645 3036 1981 3105 castellaque

273 3110 487 3161 munita
524 3108 694 3173 adire,
722 3108 920 3174 partim
946 3107 1014 3172 vi,
1046 3109 1152 3160 alia
1192 3113 1345 3161 metu
1383 3115 1480 3164 aut
1516 3114 1759 3178 praemia
1798 3118 1981 3166 osten-

274 3183 443 3236 tando
468 3187 717 3234 avortere
741 3181 811 3233 ab
834 3182 1098 3235 hostibus,
1176 3187 1260 3236 Ac
1292 3185 1470 3252 primo
1499 3187 1796 3241 mediocria
1821 3205 1982 3256 gere-

275 3258 374 3310 bat
412 3257 748 3309 existumans
779 3256 816 3307 J
822 3256 1115 3323 ugurtham
1145 3258 1216 3311 ob
1250 3274 1377 3312 suos
1408 3262 1669 3318 tutandos
1700 3264 1757 3317 in
1786 3270 1989 3320 manus?
