2269 3561
266 226 267 231 =
281 202 311 250 4
778 200 833 250 O.
872 198 1220 249 SALLUSTI
1255 197 1490 249 CRISPI

283 279 415 333 satis
449 296 715 348 prospera
750 281 993 348 satisque
1028 280 1240 349 pollens
1265 281 1574 347 videbatur,
1614 278 1778 334 sicuti
1812 276 1991 348 plera-

282 372 390 424 que
417 357 729 410 mortalium
762 357 1049 423 habentur,
1082 358 1286 410 invidia
1311 374 1379 410 ex
1413 356 1697 425 opulentia
1730 361 1855 409 orta
1887 358 1987 408 est.

286 433 470 499 Igitur
506 451 663 502 reges
701 433 994 501 populique
1031 434 1264 486 finitumi
1302 432 1446 486 bello
1482 436 1793 502 temptar03
1830 428 1990 500 pauci

285 526 353 562 ex
379 511 566 564 amicis
587 509 785 562 auxilio
811 526 930 563 esse
954 531 966 575 ;
1002 527 1127 562 nam
1154 509 1325 562 ceteri
1351 513 1503 562 metu
1526 508 1765 577 perculsi
1789 525 1821 560 a
1845 507 1991 575 peri-

287 587 420 639 eulis
468 586 708 639 aberant.
803 587 883 638 At
928 585 1160 638 Romani
1211 585 1357 637 domi
1406 585 1746 654 militiaeque
1788 583 1989 637 intenti

285 662 561 727 festinare,
578 679 790 731 parare,
808 661 946 714 alius
961 662 1125 714 alium
1148 661 1369 728 hortari,
1390 660 1638 715 hostibus
1657 660 1873 714 obviam
1890 661 1989 727 ire,

286 737 618 804 libertatem,
654 738 890 806 patriam
929 741 1299 805 parentesque
1342 737 1508 790 armis
1546 741 1749 805 tegere.
1838 736 1988 802 Post,

285 814 382 865 ubi
431 814 673 881 pericula
712 816 919 867 virtute
958 814 1333 882 propulerant,
1377 814 1536 866 sociis
1584 818 1753 882 atque
1800 812 1990 866 amieis

286 890 488 942 auxilia
528 890 838 959 portabant,
879 890 1163 957 magisque
1207 889 1406 942 dandis
1449 906 1612 958 quam
1655 888 1989 957 accipiundis

289 965 568 1019 beneficiis
622 965 888 1018 amicitias
938 965 1221 1033 parabant.
1295 965 1598 1034 Imperium
1648 964 1991 1032 legitumum,

288 1059 485 1095 nomen
517 1042 711 1109 imperi
736 1041 948 1108 regium
974 1041 1255 1095 habebant
1279 1063 1291 1106 ;
1326 1041 1541 1107 delecti,
1568 1040 1767 1108 quibus
1792 1056 1991 1108 corpus

289 1119 445 1171 annis
482 1118 772 1184 infirmum,
820 1118 1097 1184 ingenium
1143 1117 1409 1186 sapientia
1446 1117 1689 1170 validum
1731 1121 1867 1182 erat,
1907 1115 1990 1169 rei

289 1194 537 1261 publicae
573 1193 990 1259 consultabant3
1040 1193 1097 1246 hi
1131 1194 1218 1247 vel
1256 1197 1441 1247 aetate
1475 1193 1562 1247 vel
1601 1210 1763 1247 curae
1803 1193 1991 1246 simili-

290 1270 482 1323 tudine
505 1273 692 1338 patres
717 1269 1146 1336 appellabantur.
1224 1270 1371 1337 Post,
1406 1270 1498 1323 ubi
1531 1271 1743 1337 regium
1775 1268 1993 1336 imperi-

291 1363 398 1412 um,
425 1346 571 1414 quod
595 1346 753 1398 initio
786 1346 1189 1399 conservandae
1217 1347 1489 1400 libertatis
1515 1350 1682 1413 atque
1707 1344 1992 1412 augendae

292 1424 371 1475 rei
397 1423 644 1491 publicae
666 1422 863 1488 fuerat,
889 1423 944 1473 in
971 1422 1280 1488 superbiam
1313 1423 1852 1488 dominationemque
1885 1418 1992 1490 [se]

293 1498 578 1562 convertit,
612 1498 900 1549 immutato
938 1513 1089 1549 more
1127 1514 1306 1550 annua
1338 1498 1567 1564 imperia
1602 1491 1867 1563 binosque
1891 1496 1993 1549 im-

294 1579 576 1640 peratores
609 1571 712 1624 sibi
744 1573 922 1625 fecere
945 1593 957 1636 ;
995 1588 1058 1625 eo
1084 1572 1247 1624 modo
1272 1572 1510 1624 minume
1536 1588 1694 1639 posse
1718 1570 1993 1640 putabant

294 1665 393 1716 per
416 1648 685 1700 licentiam
710 1647 1035 1701 insolescere
1054 1649 1293 1700 animum
1319 1647 1627 1713 humanum.

402 1728 443 1780 7.
517 1723 626 1776 Sed
665 1740 730 1776 ea
767 1726 1099 1792 tempestate
1137 1740 1365 1792 coepere
1404 1740 1462 1776 se
1501 1724 1734 1792 quisque
1772 1723 1994 1797 [magis]

295 1802 558 1855 extollere
581 1801 866 1868 magisque
890 1801 1167 1867 ingenium
1191 1800 1246 1852 in
1271 1805 1527 1869 promptu
1556 1801 1773 1854 habere.
1850 1802 1992 1855 Nam

293 1879 514 1946 regibus
556 1876 685 1929 boni
726 1893 888 1944 quam
923 1876 1048 1929 mali
1083 1878 1446 1944 suspectiores
1485 1881 1629 1944 sunt,
1668 1894 1994 1946 semperque

292 1956 378 2008 his
401 1954 577 2007 aliena
594 1954 768 2007 virtus
792 1952 1146 2005 formidolosa
1170 1956 1268 2006 est.
1321 1954 1431 2007 Sed
1455 1954 1647 2007 civitas
1670 1953 1993 2007 incredibile

295 2033 599 2084 memoratu
623 2033 709 2083 est
732 2029 939 2097 adepta
976 2028 1233 2083 libertate
1257 2034 1524 2098 quantum
1550 2029 1704 2083 brevi
1728 2031 1995 2094 creverit3

294 2111 450 2161 tanta
474 2106 672 2175 cupido
696 2106 900 2173 gloriae
925 2106 1240 2158 incesserat.
1304 2106 1342 2159 J
1347 2123 1433 2159 am
1459 2107 1696 2176 primum
1711 2105 1992 2173 juventus,

294 2184 453 2237 simul
488 2200 551 2236 ac
585 2182 713 2236 belli
750 2182 965 2250 patiens
1004 2186 1137 2248 erat,
1173 2183 1230 2234 in
1265 2183 1458 2236 eastris
1487 2199 1587 2250 per
1622 2182 1864 2235 laborem
1890 2198 1993 2234 usu

293 2261 544 2314 militiam
572 2259 834 2323 discebat,
851 2258 1132 2324 magisque
1158 2258 1213 2310 in
1240 2257 1454 2311 decoris
1478 2259 1641 2310 armis
1666 2263 1725 2311 et
1749 2258 1993 2310 militari-

293 2337 396 2390 bus
440 2336 593 2402 equis
633 2351 794 2402 quam
834 2334 891 2385 in
931 2333 1126 2386 scortis
1175 2337 1343 2400 atque
1392 2334 1652 2386 conviviis
1693 2333 1992 2386 lubidinem

295 2413 584 2466 habebant.
656 2412 836 2477 Igitur
859 2408 1061 2463 talibus
1087 2409 1217 2461 viris
1242 2424 1350 2461 non
1389 2408 1542 2462 labos
1580 2409 1845 2474 insolituS‚
1884 2425 1994 2461 non

293 2490 445 2542 locus
477 2488 620 2540 ullus
654 2503 813 2554 asper
851 2489 947 2538 aut
980 2484 1185 2537 arduus
1219 2488 1353 2552 erat,
1393 2501 1498 2538 non
1538 2489 1782 2539 armatus
1822 2485 1995 2538 hostis

293 2564 705 2626 formidolosus;
730 2562 906 2615 virtus
926 2561 1105 2614 omnia
1126 2560 1428 2615 domuerat.
1481 2562 1591 2617 Sed
1615 2562 1822 2629 gloriae
1846 2578 1997 2615 max-

294 2658 480 2695 umum
505 2643 783 2693 certamen
807 2639 952 2690 iuter
976 2638 1123 2705 ipsos
1149 2641 1301 2701 erat3
1338 2638 1414 2691 sic
1439 2655 1498 2691 se
1524 2638 1756 2705 quisque
1782 2638 1995 2691 hostem

293 2718 475 2786 ferire,
491 2733 706 2770 murum
733 2714 1042 2780 ascendere,
1065 2713 1302 2781 conspici
1331 2713 1459 2766 dum
1485 2715 1598 2767 tale
1621 2714 1829 2766 facinus
1854 2714 1998 2767 faee-

293 2799 394 2857 ret,
429 2792 794 2863 properabat;
834 2807 926 2843 eas
960 2790 1192 2854 divitias,
1227 2807 1346 2843 eam
1381 2790 1579 2844 bonam
1606 2791 1809 2843 famam
1847 2806 2000 2857 mag-

294 2888 528 2939 namque
576 2868 917 2922 nobilitatem
960 2866 1266 2936 putabant3
1325 2867 1502 2920 laudis
1539 2866 1700 2931 avidi,
1739 2867 2001 2934 pecuniae

293 2947 550 3000 liberales
597 2948 791 3009 erant3
849 2944 1078 3012 gloriam
1121 2943 1417 3011 ingentem,
1467 2943 1689 2996 divitias
1736 2942 1998 2997 honestas

294 3022 561 3076 volebant.
638 3022 945 3074 Memorare
976 3035 1208 3088 possem,
1241 3020 1442 3087 quibus
1466 3020 1521 3073 in
1547 3019 1681 3073 locis
1713 3035 1998 3073 maxumas

295 3099 533 3152 hostium
572 3098 755 3165 copias
791 3097 1022 3165 populus
1064 3096 1343 3149 Romanus
1373 3114 1543 3165 parva
1572 3113 1737 3149 manu
1769 3096 1993 3163 fuderit,

296 3192 432 3242 quas
464 3174 615 3227 urbis
647 3177 845 3227 natura
876 3174 1114 3226 munitas
1147 3173 1442 3240 pugnando
1470 3174 1693 3241 ceperit,
1725 3173 1780 3225 ni
1812 3189 1878 3226 ea
1904 3189 1993 3225 res

295 3250 508 3319 longius
534 3267 630 3304 nos
655 3250 725 3304 ab
750 3250 968 3318 incepto
995 3250 1254 3303 traheret.
