2269 3561
259 181 355 229 102
759 178 814 227 0.
854 176 1202 228 SALLUSTI
1236 177 1468 228 CRISPI

260 259 571 328 sagitlariis,
601 264 889 327 praeterea
911 258 1153 313 cohortis
1180 258 1444 327 Ligurum
1468 263 1727 330 curabat3
1762 263 1972 333 primos

259 341 319 391 et
341 340 615 390 extremos
640 352 766 389 cum
790 335 1064 403 expeditis
1089 335 1378 404 manipulis
1401 337 1654 392 tribunos
1676 340 1973 393 locaverat.

262 414 530 480 Perfugae
550 413 788 464 minume
811 411 923 464 cari
947 416 1006 465 et
1030 413 1312 479 regionum
1337 413 1701 467 scientissumi
1728 416 1972 468 hostium

259 491 369 544 iter
406 487 779 557 explorabant.
851 488 1022 542 Simul
1067 489 1270 555 consul,
1313 489 1471 558 quasi
1510 490 1659 542 nullo
1697 491 1971 559 impositO,

261 567 441 621 omnia
472 564 778 633 providere,
812 565 961 634 apud
995 565 1172 618 omnis
1210 565 1420 632 adesse,
1448 565 1676 619 laudare
1708 570 1767 620 ot
1798 566 1973 620 incre-

261 660 393 711 pare
422 642 697 695 merentis.
773 642 904 711 Ipse
941 646 1186 695 armatus
1216 641 1572 711 intentusque
1604 642 1744 696 item
1768 642 1974 696 milites

262 718 519 786 cogebat;
556 735 732 786 neque
766 735 920 772 secus
955 722 1124 787 atque
1163 718 1271 771 iter
1308 718 1491 771 facere
1522 722 1705 772 castra
1745 718 1974 786 munire,

263 795 577 849 excubitum
608 794 665 847 in
697 799 859 863 porta
892 795 1132 848 cohortis
1174 811 1243 848 ex
1282 793 1598 862 legionibus,
1638 812 1739 863 pro
1778 795 1975 848 castris

263 873 475 941 equites
498 871 812 924 auxiliarios
836 872 1076 936 mittere,
1100 874 1391 938 praetcrea
1414 870 1549 924 alios
1579 888 1744 939 supcr
1770 870 1976 923 vallum

262 949 319 1001 in
361 945 714 1001 munimentis
742 948 936 1013 locare,
970 946 1181 1014 vigilias
1220 946 1337 1015 ipse
1377 946 1679 1013 circumire,
1712 963 1820 999 non
1859 950 1975 999 tam

264 1024 570 1078 diffidentia
602 1023 773 1077 futuri
810 1039 951 1091 quae
982 1023 1363 1090 imperavisset
1396 1039 1559 1091 quam
1591 1023 1673 1076 uti
1707 1022 1976 1075 militibus

264 1104 600 1169 exaequatus
633 1116 754 1152 oum
785 1101 1113 1166 imperatore
1146 1097 1300 1150 labos
1325 1098 1635 1152 volentibus
1665 1102 1829 1151 essct.
1902 1098 1976 1151 Et

266 1193 394 1232 sane
421 1177 628 1230 Marius
651 1176 853 1244 illoque
878 1176 1104 1242 aliisque
1130 1174 1470 1242 temporibus
1496 1174 1820 1241 Jugurthini
1845 1173 1975 1227 belli

264 1255 474 1322 pudore
517 1253 690 1320 magis
730 1269 894 1321 quam
933 1250 1076 1303 malo
1115 1251 1417 1304 exercitum
1462 1250 1782 1314 coercebat;
1825 1250 1977 1318 quod

264 1330 424 1383 multi
450 1347 550 1397 per
573 1329 926 1382 ambitionem
952 1327 1072 1380 fieri
1099 1326 1353 1391 aiebant;
1390 1344 1534 1396 pars,
1562 1326 1712 1395 quod
1737 1344 1770 1379 a
1791 1327 1976 1394 pueri-

266 1407 344 1460 tia
385 1409 698 1458 consuetam
741 1403 1001 1457 duritiam
1052 1406 1110 1455 et
1159 1402 1278 1470 alia,
1321 1421 1462 1471 quae
1511 1403 1678 1456 ceteri
1726 1402 1975 1455 miserias

265 1487 474 1548 vocant,
498 1480 764 1549 voluptati
791 1479 1100 1543 habuisset3
1138 1480 1242 1531 nisi
1268 1483 1453 1533 tamen
1478 1497 1568 1532 res
1592 1478 1813 1548 publica
1835 1479 1977 1547 pari-

266 1564 354 1612 ter
376 1575 439 1612 ac
465 1557 793 1611 saevissumo
811 1557 1037 1624 imperio
1064 1556 1203 1609 bene
1228 1560 1395 1623 atquc
1421 1556 1620 1608 decore
1643 1559 1817 1623 gesta.

374 1641 485 1687 101.
526 1633 704 1700 Igitur
729 1638 924 1701 quarto
944 1633 1181 1700 denique
1207 1632 1296 1685 die
1323 1632 1469 1685 haud
1496 1632 1654 1699 longe
1678 1630 1748 1684 ab
1771 1630 1975 1700 oppido

268 1710 422 1764 Cirta
462 1709 704 1778 undique
747 1708 903 1761 simul
950 1709 1319 1776 speculatores
1363 1708 1457 1762 citi
1499 1725 1618 1762 sese
1660 1708 1973 1773 ostendunt,

266 1805 375 1855 qua
420 1804 483 1840 re
532 1786 703 1839 hostis
749 1786 942 1839 adesse
995 1785 1351 1853 intellegitur.
1441 1785 1553 1839 Sed
1599 1786 1727 1854 quia
1770 1785 1975 1838 divorsi

267 1864 562 1918 redeuntes
590 1863 725 1916 alius
754 1862 823 1915 ab
853 1861 960 1914 alia
988 1867 1148 1929 parte
1181 1865 1351 1930 atque
1377 1878 1563 1915 omnes
1595 1861 1743 1914 idem
1771 1862 1975 1929 signifi-

268 1940 477 2007 cabant,
507 1939 694 1992 consul
725 1938 964 1991 incertus
996 1955 1230 2006 quonam
1265 1937 1427 1991 modo
1459 1938 1629 1991 aciem
1660 1938 1975 2004 instrueret,

266 2017 413 2070 nullo
452 2015 644 2069 ordine
682 2018 1031 2081 commutatO,
1071 2015 1361 2067 advorsum
1400 2015 1580 2067 omnia
1615 2018 1840 2083 paratus
1875 2013 1977 2066 ibi-

269 2093 394 2145 dem
414 2091 710 2161 opperitur‚
764 2091 854 2143 Ita
869 2090 1208 2157 Jugurtham
1228 2107 1353 2158 spes
1375 2090 1657 2157 frustrata,
1676 2091 1770 2159 qui
1792 2091 1975 2159 copias

268 2169 323 2221 in
358 2171 618 2236 quattuor
647 2166 822 2234 partis
847 2165 1207 2219 distribuerat
1235 2170 1390 2219 ratus
1419 2183 1486 2219 ex
1517 2166 1769 2219 omnibus
1800 2183 1976 2233 aeque

268 2244 475 2312 aliquos
499 2243 569 2296 ab
587 2246 746 2309 tergo
769 2241 1019 2294 hostibus
1044 2245 1316 2294 venturos,
1370 2242 1601 2294 Interim
1628 2242 1791 2308 Sulla,
1810 2259 1974 2310 quem

267 2320 504 2390 primum
537 2318 722 2371 hostes
756 2318 1072 2384 attigerant,
1097 2317 1413 2370 cohortatus
1449 2335 1571 2370 suos
1604 2318 1887 2371 turmatim
1918 2321 1977 2371 ct

270 2413 433 2464 quam
465 2410 717 2448 maxume
742 2394 1001 2447 confertis
1027 2393 1181 2461 equis
1212 2394 1328 2461 ipse
1360 2393 1558 2461 aliique
1585 2393 1808 2446 Mauros
1833 2394 1978 2446 inva-

270 2473 424 2537 dunt,
451 2470 621 2523 ceteri
653 2471 708 2522 in
742 2470 859 2523 loco
885 2473 1167 2522 manentes
1200 2469 1270 2522 ab
1291 2469 1489 2537 jaculis
1523 2469 1732 2522 eminus
1762 2470 1977 2522 emissis

269 2552 497 2616 corpora
521 2550 726 2613 tegere,
755 2549 812 2599 et
838 2544 883 2597 si
910 2546 1002 2614 qui
1029 2546 1082 2597 in
1109 2562 1302 2598 manus
1328 2550 1604 2611 venerant,
1632 2545 1975 2599 obtruncare.

271 2626 415 2677 Dum
451 2640 515 2675 co
550 2620 711 2674 modo
744 2621 957 2690 equites
995 2622 1347 2690 proeliantur,
1383 2621 1632 2674 Bocchus
1667 2639 1789 2675 cum
1823 2621 1977 2690 pedi-

269 2700 431 2765 tibus,
457 2715 592 2767 quos
618 2697 800 2750 Volux
826 2697 968 2750 filius
1001 2698 1120 2765 ejus
1154 2698 1475 2765 adduxerat,
1503 2714 1679 2765 neque
1713 2698 1768 2750 in
1793 2699 1978 2765 priore

257 2792 452 2853 'pugna
482 2776 536 2827 in
569 2774 767 2827 itinere
800 2774 996 2826 morati
1032 2774 1315 2839 affuerant,
1340 2779 1674 2843 postremam
1707 2775 1978 2827 Romano-

270 2869 392 2904 rum
417 2852 589 2904 aciem
614 2849 890 2902 invadunt.
962 2850 1097 2901 Tum
1124 2849 1332 2902 Marius
1358 2850 1506 2917 apud
1528 2850 1734 2918 primos
1759 2850 1976 2918 agebat,

272 2928 420 2996 quod
457 2927 534 2979 ibi
567 2927 604 2979 J
609 2927 847 2993 ugurtha
885 2943 1006 2978 cum
1045 2925 1310 2993 plurumis
1340 2930 1474 2979 erat.
1550 2927 1691 2980 Dein
1733 2927 1783 2979 N
1788 2926 1981 2980 umida

272 3003 486 3067 cognito
531 3002 729 3053 Bocchi
777 3001 1017 3053 adventu
1060 3002 1198 3053 clam
1242 3019 1364 3054 cum
1411 3003 1598 3070 paucis
1638 3003 1712 3056 ad
1758 3004 1981 3071 pedites

271 3076 571 3139 convortit3
605 3076 683 3127 ibi
719 3076 928 3140 Latine,
954 3092 1078 3127 nam
1109 3077 1259 3143 apud
1288 3079 1640 3132 Numantiam
1663 3079 1812 3147 loqui
1840 3078 1982 3132 didi-

271 3152 438 3214 cerat,
472 3149 767 3202 exclamat:
813 3151 842 3176 “
857 3155 1071 3202 nostros
1104 3152 1312 3204 frustra
1343 3170 1619 3221 pugnare;
1652 3154 1815 3222 paulo
1849 3158 1982 3209 ante

273 3223 509 3289 Marium
553 3239 650 3274 sua
691 3240 853 3275 manu
900 3224 1248 3278 interfectum
1267 3228 1314 3292 ;'’
1369 3230 1528 3282 simul
1575 3229 1819 3297 gladium
1863 3248 1983 3285 san-
