2269 3561
251 199 313 243 60
733 199 788 245 C.
827 201 906 248 SA
917 199 1178 248 LLUSTI
1219 200 1456 247 CRISPI

352 282 433 330 32.
505 278 660 331 Haec
705 284 874 346 atque
921 279 1026 332 alia
1071 280 1448 348 hujuscemodi
1497 297 1662 349 saepe
1709 280 1950 335 dicundo

249 353 539 407 Memmius
585 355 785 423 populo
831 356 1145 424 persuadet,
1185 357 1267 410 uti
1317 357 1376 409 L.
1417 357 1637 411 Cassius
1685 358 1780 426 qui
1827 363 1950 412 tum

243 436 465 498 praetor
496 434 616 483 erat
654 431 726 483 ad
761 432 799 484 J
806 431 1098 499 ugurtham
1142 433 1471 500 mitteretur,
1510 450 1744 502 eumque
1780 435 1951 488 inter-

243 507 421 573 posita
445 506 553 559 fide
577 506 793 574 publica
823 508 1053 561 Romam
1087 509 1333 576 duceret,
1366 526 1474 576 quo
1503 510 1714 563 facilius
1745 511 1948 565 indicio

242 584 387 650 regis
413 584 602 636 Scauri
627 587 684 637 et
708 585 1055 654 reliquorum,
1089 602 1225 654 quos
1258 588 1520 655 pecuniae
1552 592 1745 655 captae
1769 604 1948 641 arces-

242 658 451 727 sebant,
479 660 680 714 delicta
703 662 1045 730 patefierent.
1101 663 1246 715 Dum
1272 663 1405 716 haec
1432 664 1640 716 Romae
1663 668 1947 732 geruntur,

242 737 335 804 qui
382 738 437 800 in
487 737 747 790 Numidia
795 739 970 791 relicti
1014 756 1047 791 a
1090 740 1281 792 Bestia
1301 792 1312 812 Ι
1328 740 1591 793 exercitui
1640 746 1946 809 praeerant,

243 814 415 867 secuti
448 830 653 867 morem
691 815 1036 881 imperatoris
1074 813 1204 884 [sui]
1239 816 1493 883 pluruma
1531 820 1590 868 et
1638 816 1947 883 flagitiosis-

243 907 397 943 suma
420 891 657 944 facinora
680 892 871 944 fecere.
937 892 1114 945 Fuere
1143 893 1236 959 qui
1262 909 1393 945 auro
1417 893 1662 961 corrupti
1688 893 1946 962 elephan-
2008 908 2015 913 ·

243 969 329 1017 tos
354 966 390 1018 J
397 968 667 1033 ugurthae
700 967 1012 1032 traderent3
1048 968 1138 1021 alii
1161 970 1419 1036 perfugas
1444 968 1696 1035 vendere,
1720 985 1848 1037 pars
1873 987 1944 1021 ex

243 1043 449 1108 pacatis
477 1043 711 1111 praedas
746 1043 1011 1111 agebant;
1048 1048 1206 1097 tanta
1238 1045 1321 1097 vis
1353 1045 1614 1097 avaritiae
1646 1045 1701 1097 in
1734 1046 1944 1098 animos

163 1165 172 1180 ,,
244 1136 429 1172 eorum
463 1120 627 1172 veluti
669 1120 825 1173 tabes
865 1120 1153 1174 invaserat.
1228 1121 1307 1174 At
1349 1121 1570 1174 Cassius
1607 1121 1818 1189 perlata
1856 1139 1945 1174 ro-

243 1197 463 1263 gatione
498 1213 532 1249 a
568 1196 626 1250 C.
663 1197 923 1249 Memmio
958 1214 1021 1250 ac
1056 1197 1307 1266 perculsa
1349 1198 1493 1251 omni
1539 1196 1829 1250 nobilitate
1871 1198 1945 1250 ad

245 1272 281 1325 J
288 1273 578 1340 ugurtham
634 1273 1010 1341 proficiscitur,
1066 1274 1226 1342 eique
1279 1273 1473 1327 timido
1520 1277 1578 1327 et
1627 1290 1695 1326 ex
1745 1276 1947 1328 consci-

246 1350 393 1402 entia
416 1350 684 1403 diffidenti
711 1349 873 1402 rebus
907 1352 1016 1403 suis
1040 1351 1352 1419 persuadet,
1379 1350 1631 1419 quoniam
1658 1366 1717 1403 se
1741 1352 1945 1419 populo

247 1425 489 1478 Romano
515 1426 774 1491 dedisset,
794 1443 863 1479 ne
881 1427 989 1479 vim
1016 1444 1178 1494 quam
1204 1427 1629 1481 misericordiam
1656 1426 1825 1496 [ejus]
1849 1445 1946 1481 ex-

242 1503 409 1570 periri
450 1503 650 1556 mallet.
725 1502 988 1556 Privatim
1033 1509 1321 1571 praeterea
1361 1504 1527 1557 fidem
1577 1520 1730 1556 suam
1777 1504 1946 1558 inter-

241 1578 410 1646 ponit,
448 1596 611 1647 quam
650 1580 741 1632 ille
778 1596 885 1631 nou
923 1580 1147 1633 minoris
1181 1598 1342 1645 quam
1374 1580 1647 1648 publicam
1678 1580 1946 1646 ducebat3

243 1654 370 1707 talis
395 1671 459 1707 ea
481 1659 811 1723 tempestate
835 1655 979 1708 fama
1006 1656 1076 1709 de
1103 1657 1289 1710 Cassio
1315 1661 1448 1710 erat.

347 1735 425 1785 33.
467 1731 647 1799 Igitur
664 1731 700 1785 J
705 1731 944 1799 ugurtha
964 1737 1156 1786 contra
1182 1732 1348 1787 decus
1368 1734 1577 1801 regium
1603 1733 1754 1788 cultu
1778 1750 1945 1801 quam

243 1823 495 1860 maxume
523 1807 817 1861 miserabili
852 1825 974 1862 cum
1001 1808 1187 1862 Cassio
1226 1809 1453 1863 Romam
1482 1810 1646 1864 venit.
1695 1813 1779 1864 Ac
1807 1815 1946 1865 tam-

244 1884 348 1937 etsi
372 1883 427 1935 in
453 1883 569 1951 ipso
598 1901 790 1952 magna
818 1886 898 1937 vis
933 1886 1098 1938 animi
1125 1890 1261 1952 erat,
1291 1887 1641 1940 confirmatus
1673 1887 1742 1940 ab
1776 1889 1946 1940 omni-

242 1960 358 2025 buS,
378 1976 606 2028 quorum
630 1962 877 2029 potentia
894 1966 991 2016 aut
1014 1963 1219 2015 scelere
1243 1967 1438 2016 cuncta
1456 1980 1519 2016 ea
1536 1967 1782 2031 gesserat
1802 1981 1945 2032 quae

243 2053 409 2105 supra
433 2037 685 2101 diximus,
707 2038 764 2091 C.
781 2038 1047 2092 Baebium
1072 2039 1356 2092 tribunum
1381 2040 1558 2108 plebis
1581 2057 1780 2108 magna
1802 2057 1944 2094 mer-

242 2113 377 2166 cede
400 2117 573 2182 parat,
602 2114 759 2181 cujus
787 2115 1126 2182 impudentia
1156 2120 1348 2168 contra
1377 2114 1473 2182 jus
1498 2119 1557 2169 et
1579 2116 1808 2185 injurias
1831 2134 1946 2170 om-

243 2190 327 2242 nis
359 2190 600 2243 munitus
630 2190 786 2244 foret.
862 2194 943 2247 At
970 2191 1025 2244 C.
1053 2192 1346 2245 Memmius
1380 2192 1646 2246 advocata
1677 2195 1942 2260 contione,

242 2283 568 2335 quamquam
603 2268 717 2335 regi
748 2268 946 2321 infesta
984 2268 1169 2336 plebes
1208 2274 1341 2336 erat,
1385 2274 1442 2322 et
1479 2286 1606 2338 pars
1640 2270 1698 2322 in
1730 2270 1946 2324 vincula

243 2343 369 2396 duci
385 2342 635 2410 juberat,
661 2361 804 2412 pam,
830 2344 886 2396 ni
913 2344 1084 2397 socios
1109 2345 1329 2398 sceleris
1353 2345 1484 2415 [sui]
1509 2346 1764 2414 aperiret,
1791 2363 1944 2400 more

244 2420 510 2488 majorum
537 2421 606 2473 de
630 2420 789 2473 hoste
819 2421 1140 2488 supplicium
1174 2422 1327 2488 sumi,
1361 2422 1615 2490 dignitati
1642 2438 1801 2491 quam
1828 2424 1944 2476 irae

246 2496 417 2565 magis
441 2498 737 2564 consulenS,
763 2496 956 2551 sedare
982 2501 1164 2550 motus
1189 2503 1247 2551 et
1272 2501 1479 2552 animos
1504 2517 1694 2552 eorum
1719 2500 1945 2567 mollire,

242 2578 521 2640 postremo
539 2574 858 2627 confirmare
878 2573 1046 2626 fidem
1069 2574 1341 2641 publicam
1365 2592 1464 2643 per
1489 2592 1608 2629 sese
1632 2575 1944 2628 inviolatam

242 2650 372 2702 fore.
448 2650 593 2711 Post,
640 2649 733 2702 ubi
781 2650 1057 2703 silentium
1106 2651 1303 2719 coepit,
1351 2653 1618 2719 producto
1666 2651 1704 2703 J
1708 2652 1947 2719 ugurtha

243 2725 410 2779 verba
433 2726 579 2792 facit,
602 2725 808 2779 Romae
828 2726 1230 2796 Numidiaeque
1249 2728 1488 2780 facinora
1513 2728 1633 2794 ejus
1658 2733 1945 2793 memorat,

244 2802 449 2856 scelera
483 2802 539 2854 in
575 2805 789 2870 patrem
823 2803 1132 2871 fratresque
1166 2804 1437 2868 ostendit3
1479 2803 1673 2872 quibus
1704 2804 1948 2871 juvanti·

242 2878 344 2932 bus
368 2879 675 2947 quibusque
705 2880 967 2933 ministris
992 2897 1056 2933 ea.
1080 2881 1270 2947 egerit,
1297 2896 1624 2949 quamquam
1659 2880 1948 2947 intellegat

243 2956 473 3022 populus
513 2955 801 3019 Romanus,
838 2961 1026 3009 tamen
1053 2957 1192 3009 velle
1228 2957 1518 3010 manifesta
1553 2957 1725 3024 magis
1753 2972 1820 3008 ex
1853 2956 1948 3008 illo

244 3030 444 3084 habere
459 3051 475 3095 ;
527 3032 574 3084 si
609 3048 796 3084 verum
837 3033 1061 3099 aperiat.
1100 3033 1156 3084 in
1192 3033 1303 3086 fide
1340 3037 1399 3087 et
1434 3032 1725 3087 clementia
1760 3031 1947 3099 populi

246 3107 476 3159 Romani
499 3123 750 3175 magnam
777 3126 932 3177 spem
955 3110 1036 3161 illi
1062 3110 1255 3169 sitam:
1291 3112 1372 3164 sin
1398 3111 1642 3176 reticeat,
1660 3126 1768 3162 non
1787 3110 1949 3162 sociis

246 3182 408 3234 saluti
436 3182 566 3243 fore,
587 3184 683 3236 sod
709 3202 766 3237 se
792 3201 1026 3253 suasque
1051 3203 1177 3254 spes
1202 3192 1599 3256 corrupturum.

351 3263 428 3309 34.
505 3258 733 3325 Deinde,
773 3261 868 3313 ubi
911 3261 1204 3314 Memmius
1245 3263 1467 3316 dicundi
1506 3263 1670 3315 finem
1708 3261 1854 3328 fecit,
1892 3266 1953 3317 et
