2269 3561
233 232 324 278 106
718 228 773 275 C.
814 227 1169 275 SALLUSTI
1207 226 1443 276 CRISPI

230 327 353 363 cum
391 309 540 363 mille
574 325 681 363 non
718 309 947 378 amplius
979 309 1259 377 equitibus
1291 323 1413 362 sese
1447 306 1708 374 ostendit,
1735 307 1831 375 qui
1864 310 1951 361 te·-

230 403 379 439 mere
403 388 462 440 et
488 386 658 439 effuse
682 390 875 439 euntes
909 385 1092 439 Sullae
1121 385 1353 454 aliisque
1379 384 1638 437 omnibus
1666 387 1724 437 et
1757 400 1950 436 nume·-

229 480 352 516 rum
399 462 716 531 ampliorem
764 479 892 515 vero
943 466 1002 515 et
1056 461 1316 514 hostilem
1366 464 1574 514 metum
1623 458 1949 513 efficiebant.

233 540 416 607 Igitur
448 557 507 592 se
544 539 777 607 quisque
813 539 1091 608 expedire,
1119 555 1272 591 arma
1305 540 1471 604 atque
1508 536 1620 590 tela
1655 539 1951 603 temptare,

228 616 545 681 intendere;
591 617 755 670 timor
792 616 1123 684 aliquantuS,
1164 615 1261 667 sed
1299 629 1424 682 spes
1460 614 1703 681 amplior,
1740 613 1952 680 quippe

231 693 528 747 victoribus
566 696 626 747 et
665 692 956 745 advorsum
1002 708 1098 744 eos
1137 707 1277 758 quos
1320 706 1482 757 saepe
1522 689 1779 742 vicerant.
1855 689 1950 740 ln-

227 768 390 821 terim
424 769 639 837 equites
670 769 1013 836 exploratum
1049 765 1338 835 praemissi
1371 782 1506 832 rem,
1539 768 1602 818 ut
1631 768 1771 831 erat,
1792 764 1947 831 quie-

229 858 341 898 tam
366 846 636 898 nuntiant.

334 927 449 975 106.
520 921 700 974 Volux
730 921 1029 974 adveniens
1053 923 1406 989 quaestorem
1431 919 1674 989 appellat
1699 917 1947 985 dicitque

227 1014 285 1050 se
321 1014 357 1050 a
390 1001 552 1066 patre
576 998 794 1051 Boccho
822 996 1038 1049 obviam
1076 996 1188 1049 illis
1223 996 1383 1049 simul
1421 999 1481 1049 et
1513 994 1789 1063 praesidio
1821 994 1949 1046 mis-

227 1092 360 1127 sum.
434 1074 654 1127 Deinde
687 1091 810 1126 eum
848 1075 909 1126 et
943 1090 1271 1141 proxumum
1310 1072 1455 1125 diem
1490 1072 1607 1124 sine
1638 1067 1792 1123 metu
1820 1087 1947 1123 con-

225 1150 396 1219 juncti
424 1154 569 1203 eunt.
644 1150 790 1215 Post,
816 1149 911 1201 ubi
944 1153 1131 1202 castra
1159 1148 1339 1201 locata
1372 1152 1433 1202 et
1455 1148 1564 1200 diei
1590 1164 1784 1215 vesper
1806 1151 1946 1214 erat,

229 1231 458 1294 repente
481 1226 707 1279 Maurus
739 1226 953 1278 incerto
974 1225 1129 1277 voltu
1156 1224 1405 1292 [pavens]
1431 1224 1503 1276 ad
1529 1223 1734 1277 Sullam
1759 1240 1947 1277 accur-

228 1302 301 1353 rit
327 1302 583 1370 dicitque,
610 1302 713 1354 sibi
739 1318 807 1354 cx
840 1300 1277 1368 speculatoribus
1304 1301 1580 1367 cognitum
1605 1300 1945 1367 Jugurtham

226 1378 373 1429 haud
401 1378 587 1447 procul
619 1378 840 1442 abesse3
877 1377 1038 1429 simul
1067 1377 1151 1429 uti
1185 1380 1349 1429 noctu
1379 1376 1519 1429 clam
1550 1393 1732 1429 secum
1756 1376 1945 1446 profu-

225 1458 383 1521 geret
415 1458 572 1522 rogat
603 1458 770 1522 atque
797 1453 1061 1506 hortatur.
1140 1453 1248 1505 Ille
1279 1453 1462 1505 animo
1492 1453 1659 1506 feroci
1689 1457 1857 1520 negat
1881 1470 1944 1507 se

230 1531 427 1583 totiens
460 1531 642 1582 fusum
678 1529 974 1582 Numidam
1011 1530 1436 1597 pertimescere;
1484 1528 1679 1582 virtuti
1720 1546 1942 1583 suorum

226 1605 365 1659 satis
393 1608 651 1671 credere;
699 1606 915 1658 etiamsi
952 1609 1104 1659 certa
1147 1606 1323 1673 pestis
1357 1605 1589 1670 adesset,
1625 1622 1940 1659 mansurum

225 1684 408 1751 potius
442 1698 606 1751 quam
640 1682 874 1750 proditis
903 1698 1042 1749 quos
1077 1681 1320 1733 ducebat
1354 1684 1504 1749 turpi
1536 1681 1668 1749 fuga
1698 1682 1942 1735 incertae

225 1775 289 1812 ac
311 1758 542 1813 forsitan
575 1762 699 1828 post
733 1758 896 1826 paulo
921 1756 1114 1810 morbo
1145 1758 1474 1811 interiturae
1498 1758 1643 1812 vitae
1671 1763 1939 1827 parceret.

227 1836 485 1890 Ceterum
524 1836 595 1903 ab
630 1835 826 1888 eodem
862 1835 1103 1887 monitus
1138 1836 1223 1887 uti
1263 1839 1428 1887 noctu
1463 1835 1941 1903 proficiscerentur

225 1914 501 1966 consilium
539 1913 821 1981 approbat,
859 1928 924 1963 ac
962 1912 1145 1964 statim
1187 1911 1389 1965 milites
1427 1917 1679 1965 coenatos
1716 1929 1850 1977 esse,
1882 1912 1939 1965 in

225 1991 417 2043 castris
449 1990 590 2057 ignis
617 2005 779 2056 quam
814 1987 1197 2041 creberrumos
1229 1988 1363 2053 fieri,
1393 1986 1521 2040 dein
1554 1987 1730 2054 prima
1753 1989 1939 2055 vigilia

226 2066 443 2118 silentio
479 2066 668 2133 egredi
706 2064 881 2131 jubet.
960 2063 1202 2130 Jamque
1242 2069 1509 2117 nocturno
1544 2064 1739 2118 itinere
1780 2065 1939 2118 fessis

225 2142 477 2195 omnibus
510 2142 662 2195 Sulla
690 2145 900 2209 pariter
922 2156 1045 2192 cum
1079 2144 1206 2192 ortu
1242 2140 1368 2193 solis
1394 2143 1573 2192 castra
1605 2140 1936 2208 metabatur,

226 2235 394 2286 quum
419 2218 636 2286 equites
667 2218 844 2269 Mauri
875 2217 1133 2270 nuntiant
1157 2215 1497 2284 Jugurtham
1524 2217 1741 2270 circiter
1766 2216 1938 2270 duum

226 2295 434 2347 milium
462 2293 751 2347 intervallo
782 2297 911 2346 ante
942 2309 1034 2346 eos
1064 2292 1385 2346 consedisse.
1462 2292 1619 2356 Quod
1645 2297 1937 2362 postquam

226 2371 477 2425 auditum
514 2374 613 2437 est,
655 2373 774 2422 tum
813 2386 942 2422 vero
982 2369 1176 2436 ingens
1217 2373 1400 2423 metus
1437 2372 1654 2422 nostros
1695 2369 1937 2436 invadit;

225 2447 456 2501 credere
491 2463 552 2499 se
585 2446 833 2515 proditos
870 2462 904 2497 a
937 2444 1149 2498 Voluce
1180 2450 1239 2498 et
1273 2445 1485 2498 insidiis
1521 2444 1932 2499 circumventos.

227 2525 313 2577 Ac
348 2523 506 2575 fuere
536 2523 630 2590 qui
663 2521 914 2574 dicerent
949 2537 1112 2573 manu
1146 2521 1543 2588 vindicandum,
1577 2537 1756 2588 neque
1788 2523 1938 2590 apud

223 2600 376 2652 illum
400 2601 619 2652 tantum
645 2598 821 2650 scelus
848 2597 1079 2649 inultum
1107 2597 1538 2666 relinquendum.

333 2679 446 2731 107.
527 2677 612 2727 At
667 2674 831 2737 Sulla,
896 2690 1228 2741 quamquam
1292 2675 1483 2727 eadem
1550 2676 1935 2746 existumabat,

223 2756 409 2806 tamen
442 2751 514 2804 ab
546 2749 747 2817 injuria
781 2751 1036 2802 Maurum
1074 2749 1358 2816 prohibet3
1407 2768 1534 2804 suos
1564 2751 1822 2806 hortatur
1851 2754 1934 2806 uti

223 2829 421 2882 fortem
465 2827 706 2880 animum
747 2829 1032 2892 gererent3
1088 2841 1254 2894 saepe
1296 2831 1424 2880 ante
1466 2828 1652 2895 paucis
1694 2830 1936 2884 strenuis

224 2904 514 2957 advorsum
538 2900 947 2956 multitudinem
973 2901 1115 2954 bene
1140 2906 1441 2970 pugnatum
1464 2923 1477 2966 ;
1513 2907 1717 2970 quanto
1740 2905 1845 2957 sibi
1877 2906 1934 2959 in

224 2981 430 3047 proelio
478 2981 655 3031 minus
702 2978 1092 3046 pepercissent,
1143 2981 1300 3030 tanto
1346 2979 1576 3030 tutiores
1625 2979 1776 3045 fore;
1833 2998 1935 3035 nec

225 3070 553 3121 quemquam
603 3055 797 3105 decere
847 3055 939 3120 qui
992 3070 1185 3106 manus
1236 3055 1532 3107 armaverit
1584 3054 1653 3106 ab
1708 3056 1935 3111 inermis

223 3130 456 3196 pedibus
489 3130 747 3180 auxilium
781 3136 1002 3195 petere3
1050 3129 1106 3179 in
1146 3145 1400 3181 maxumo
1438 3134 1590 3184 metu
1627 3131 1834 3185 nudum
1874 3138 1935 3187 et

224 3219 443 3256 caecum
491 3218 686 3268 corpus
733 3203 806 3254 ad
853 3202 1025 3256 hostis
1069 3208 1300 3257 vortere.
1391 3206 1606 3259 Deinde
1649 3206 1928 3276 Volucem‚

225 3278 480 3344 quoniam
517 3275 734 3328 hostilia
770 3276 989 3343 faceret,
1028 3277 1063 3328 J
1069 3294 1227 3330 ovem
1266 3296 1578 3334 maxumum
1620 3282 1934 3338 obtestatus
