<?xml version="1.0" encoding="UTF-8"?>
<!DOCTYPE html PUBLIC "-//W3C//DTD XHTML 1.0 Transitional//EN"
    "http://www.w3.org/TR/xhtml1/DTD/xhtml1-transitional.dtd">
<html xmlns="http://www.w3.org/1999/xhtml" xml:lang="en" lang="en">
 <head>
  <title>
</title>
<meta http-equiv="Content-Type" content="text/html;charset=utf-8" />
  <meta name='ocr-system' content='tesseract 3.04.00' />
  <meta name='ocr-capabilities' content='ocr_page ocr_carea ocr_par ocr_line ocrx_word'/>
</head>
<body>
  <div class='ocr_page' id='page_1' title='image "./catilinaetjugur01sallgoog_0056.png"; bbox 0 0 2269 3561; ppageno 0'>
   <div class='ocr_carea' id='block_1_1' title="bbox 279 157 1486 210">
    <p class='ocr_par' dir='ltr' id='par_1_1' title="bbox 279 157 1486 210">
     <span class='ocr_line' id='line_1_1' title="bbox 279 157 1486 210; baseline -0.002 0"><span class='ocrx_word' id='word_1_1' title='bbox 279 163 339 210; x_wconf 80' lang='lat'><strong>42</strong></span> <span class='ocrx_word' id='word_1_2' title='bbox 489 157 492 160; x_wconf 68' lang='grc'><strong>’</strong></span> <span class='ocrx_word' id='word_1_3' title='bbox 772 160 827 208; x_wconf 86' lang='lat' dir='ltr'><strong>C.</strong></span> <span class='ocrx_word' id='word_1_4' title='bbox 864 159 1215 208; x_wconf 82' lang='lat' dir='ltr'><strong>SALLUSTI</strong></span> <span class='ocrx_word' id='word_1_5' title='bbox 1249 160 1486 209; x_wconf 85' lang='lat' dir='ltr'>CRISPI</span> 
     </span>
    </p>
   </div>
   <div class='ocr_carea' id='block_1_2' title="bbox 268 241 1986 3283">
    <p class='ocr_par' dir='ltr' id='par_1_2' title="bbox 270 241 1983 1531">
     <span class='ocr_line' id='line_1_2' title="bbox 377 241 1982 310; baseline 0 -15"><span class='ocrx_word' id='word_1_6' title='bbox 377 247 424 295; x_wconf 89' lang='lat'><strong>8.</strong></span> <span class='ocrx_word' id='word_1_7' title='bbox 498 241 579 295; x_wconf 86' lang='lat' dir='ltr'><strong>Ea</strong></span> <span class='ocrx_word' id='word_1_8' title='bbox 621 243 956 310; x_wconf 75' lang='lat' dir='ltr'><strong>tempestate</strong></span> <span class='ocrx_word' id='word_1_9' title='bbox 1002 241 1059 294; x_wconf 91' lang='lat' dir='ltr'><strong>in</strong></span> <span class='ocrx_word' id='word_1_10' title='bbox 1104 242 1355 295; x_wconf 87' lang='lat' dir='ltr'><strong>exercitu</strong></span> <span class='ocrx_word' id='word_1_11' title='bbox 1398 245 1588 295; x_wconf 85' lang='lat' dir='ltr'><strong>nostro</strong></span> <span class='ocrx_word' id='word_1_12' title='bbox 1632 242 1787 296; x_wconf 89' lang='lat' dir='ltr'><strong>fuere</strong></span> <span class='ocrx_word' id='word_1_13' title='bbox 1831 259 1982 298; x_wconf 88' lang='lat' dir='ltr'><strong>oom-</strong></span> 
     </span>
     <span class='ocr_line' id='line_1_3' title="bbox 270 317 1983 386; baseline 0.002 -17"><span class='ocrx_word' id='word_1_14' title='bbox 270 317 456 386; x_wconf 88' lang='lat' dir='ltr'><strong>plures</strong></span> <span class='ocrx_word' id='word_1_15' title='bbox 481 317 604 370; x_wconf 86' lang='lat' dir='ltr'><strong>novi</strong></span> <span class='ocrx_word' id='word_1_16' title='bbox 633 321 802 385; x_wconf 88' lang='lat' dir='ltr'><strong>atque</strong></span> <span class='ocrx_word' id='word_1_17' title='bbox 825 317 1051 384; x_wconf 76' lang='lat' dir='ltr'><strong>nobileS,</strong></span> <span class='ocrx_word' id='word_1_18' title='bbox 1078 317 1281 385; x_wconf 88' lang='lat' dir='ltr'><strong>quibus</strong></span> <span class='ocrx_word' id='word_1_19' title='bbox 1311 317 1535 371; x_wconf 80' lang='lat' dir='ltr'><strong>divitiae</strong></span> <span class='ocrx_word' id='word_1_20' title='bbox 1559 318 1703 371; x_wconf 91' lang='lat' dir='ltr'><strong>bono</strong></span> <span class='ocrx_word' id='word_1_21' title='bbox 1727 318 1983 373; x_wconf 80' lang='lat' dir='ltr'><strong>honesto-</strong></span> 
     </span>
     <span class='ocr_line' id='line_1_4' title="bbox 270 394 1978 464; baseline 0 -18"><span class='ocrx_word' id='word_1_22' title='bbox 270 411 378 461; x_wconf 87' lang='lat' dir='ltr'><strong>que</strong></span> <span class='ocrx_word' id='word_1_23' title='bbox 415 395 653 461; x_wconf 88' lang='lat' dir='ltr'><strong>potiores</strong></span> <span class='ocrx_word' id='word_1_24' title='bbox 685 399 858 462; x_wconf 89' lang='lat' dir='ltr'><strong>erant,</strong></span> <span class='ocrx_word' id='word_1_25' title='bbox 894 395 1105 447; x_wconf 76' lang='lat' dir='ltr'><strong>factiosi</strong></span> <span class='ocrx_word' id='word_1_26' title='bbox 1138 394 1298 454; x_wconf 80' lang='lat' dir='ltr'><strong>domi,</strong></span> <span class='ocrx_word' id='word_1_27' title='bbox 1322 397 1577 461; x_wconf 90' lang='lat' dir='ltr'><strong>potentes</strong></span> <span class='ocrx_word' id='word_1_28' title='bbox 1611 395 1762 464; x_wconf 90' lang='lat' dir='ltr'><strong>apud</strong></span> <span class='ocrx_word' id='word_1_29' title='bbox 1787 396 1978 461; x_wconf 89' lang='lat' dir='ltr'><strong>socios,</strong></span> 
     </span>
     <span class='ocr_line' id='line_1_5' title="bbox 271 470 1981 540; baseline -0.001 -17"><span class='ocrx_word' id='word_1_30' title='bbox 271 471 403 523; x_wconf 88' lang='lat' dir='ltr'><strong>clari</strong></span> <span class='ocrx_word' id='word_1_31' title='bbox 438 472 612 538; x_wconf 89' lang='lat' dir='ltr'><strong>magis</strong></span> <span class='ocrx_word' id='word_1_32' title='bbox 649 488 812 538; x_wconf 90' lang='lat' dir='ltr'><strong>quam</strong></span> <span class='ocrx_word' id='word_1_33' title='bbox 857 471 1088 537; x_wconf 76' lang='lat' dir='ltr'><strong>honesti,</strong></span> <span class='ocrx_word' id='word_1_34' title='bbox 1137 472 1229 540; x_wconf 89' lang='lat' dir='ltr'><strong>qui</strong></span> <span class='ocrx_word' id='word_1_35' title='bbox 1264 470 1298 522; x_wconf 87' lang='lat' dir='ltr'>J</span> <span class='ocrx_word' id='word_1_36' title='bbox 1304 471 1575 537; x_wconf 86' lang='lat' dir='ltr'><strong>ugurthae</strong></span> <span class='ocrx_word' id='word_1_37' title='bbox 1619 488 1728 523; x_wconf 91' lang='lat' dir='ltr'><strong>non</strong></span> <span class='ocrx_word' id='word_1_38' title='bbox 1771 471 1981 524; x_wconf 88' lang='lat' dir='ltr'><strong>medio-</strong></span> 
     </span>
     <span class='ocr_line' id='line_1_6' title="bbox 271 547 1980 616; baseline 0.001 -17"><span class='ocrx_word' id='word_1_39' title='bbox 271 563 420 600; x_wconf 88' lang='lat' dir='ltr'><strong>crem</strong></span> <span class='ocrx_word' id='word_1_40' title='bbox 456 548 695 600; x_wconf 83' lang='lat' dir='ltr'><strong>animum</strong></span> <span class='ocrx_word' id='word_1_41' title='bbox 731 547 1084 615; x_wconf 84' lang='lat' dir='ltr'><strong>pollicitando</strong></span> <span class='ocrx_word' id='word_1_42' title='bbox 1120 547 1512 613; x_wconf 84' lang='lat' dir='ltr'><strong>accendebant,</strong></span> <span class='ocrx_word' id='word_1_43' title='bbox 1543 547 1589 599; x_wconf 90' lang='lat' dir='ltr'><strong>si</strong></span> <span class='ocrx_word' id='word_1_44' title='bbox 1622 547 1853 616; x_wconf 86' lang='lat' dir='ltr'><strong>Micipsa</strong></span> <span class='ocrx_word' id='word_1_45' title='bbox 1875 564 1980 600; x_wconf 79' lang='lat' dir='ltr'><strong>rex</strong></span> 
     </span>
     <span class='ocr_line' id='line_1_7' title="bbox 271 623 1979 692; baseline -0.001 -16"><span class='ocrx_word' id='word_1_46' title='bbox 271 623 572 689; x_wconf 78' lang='lat' dir='ltr'><strong>occidisset,</strong></span> <span class='ocrx_word' id='word_1_47' title='bbox 613 624 729 676; x_wconf 87' lang='lat' dir='ltr'><strong>fore</strong></span> <span class='ocrx_word' id='word_1_48' title='bbox 766 624 849 676; x_wconf 89' lang='lat' dir='ltr'><strong>uti</strong></span> <span class='ocrx_word' id='word_1_49' title='bbox 887 625 1030 676; x_wconf 87' lang='lat' dir='ltr'><strong>solus</strong></span> <span class='ocrx_word' id='word_1_50' title='bbox 1066 624 1296 692; x_wconf 88' lang='lat' dir='ltr'><strong>imperio</strong></span> <span class='ocrx_word' id='word_1_51' title='bbox 1334 623 1633 676; x_wconf 86' lang='lat' dir='ltr'><strong>Numidiae</strong></span> <span class='ocrx_word' id='word_1_52' title='bbox 1668 624 1979 692; x_wconf 79' lang='lat' dir='ltr'><strong>potiretur;</strong></span> 
     </span>
     <span class='ocr_line' id='line_1_8' title="bbox 270 700 1978 770; baseline 0.001 -18"><span class='ocrx_word' id='word_1_53' title='bbox 270 701 325 752; x_wconf 92' lang='lat' dir='ltr'><strong>in</strong></span> <span class='ocrx_word' id='word_1_54' title='bbox 362 700 482 770; x_wconf 88' lang='lat' dir='ltr'><strong>ipso</strong></span> <span class='ocrx_word' id='word_1_55' title='bbox 519 717 827 754; x_wconf 87' lang='lat' dir='ltr'><strong>maxumam</strong></span> <span class='ocrx_word' id='word_1_56' title='bbox 855 701 1131 766; x_wconf 85' lang='lat' dir='ltr'><strong>virtutem,</strong></span> <span class='ocrx_word' id='word_1_57' title='bbox 1167 701 1368 753; x_wconf 81' lang='lat' dir='ltr'><strong>Romae</strong></span> <span class='ocrx_word' id='word_1_58' title='bbox 1400 701 1579 753; x_wconf 89' lang='lat' dir='ltr'><strong>omnia</strong></span> <span class='ocrx_word' id='word_1_59' title='bbox 1608 700 1817 753; x_wconf 88' lang='lat' dir='ltr'><strong>venalia</strong></span> <span class='ocrx_word' id='word_1_60' title='bbox 1840 717 1978 755; x_wconf 89' lang='lat' dir='ltr'><strong>esse.</strong></span> 
     </span>
     <span class='ocr_line' id='line_1_9' title="bbox 271 776 1979 845; baseline 0.001 -16"><span class='ocrx_word' id='word_1_61' title='bbox 271 777 384 830; x_wconf 84' lang='lat' dir='ltr'><strong>Sed</strong></span> <span class='ocrx_word' id='word_1_62' title='bbox 429 781 722 845; x_wconf 81' lang='lat' dir='ltr'><strong>postquam</strong></span> <span class='ocrx_word' id='word_1_63' title='bbox 772 776 1069 829; x_wconf 87' lang='lat' dir='ltr'><strong>Numantia</strong></span> <span class='ocrx_word' id='word_1_64' title='bbox 1117 777 1302 830; x_wconf 85' lang='lat' dir='ltr'><strong>deleta</strong></span> <span class='ocrx_word' id='word_1_65' title='bbox 1352 776 1411 829; x_wconf 87' lang='lat' dir='ltr'><strong>P.</strong></span> <span class='ocrx_word' id='word_1_66' title='bbox 1460 776 1643 845; x_wconf 83' lang='lat' dir='ltr'><strong>Scipio</strong></span> <span class='ocrx_word' id='word_1_67' title='bbox 1694 776 1979 830; x_wconf 85' lang='lat' dir='ltr'><strong>dimittere</strong></span> 
     </span>
     <span class='ocr_line' id='line_1_10' title="bbox 271 852 1979 922; baseline 0.002 -19"><span class='ocrx_word' id='word_1_68' title='bbox 271 852 472 905; x_wconf 80' lang='lat' dir='ltr'><strong>auxilia</strong></span> <span class='ocrx_word' id='word_1_69' title='bbox 496 858 553 906; x_wconf 90' lang='lat' dir='ltr'><strong>et</strong></span> <span class='ocrx_word' id='word_1_70' title='bbox 583 855 700 920; x_wconf 90' lang='lat' dir='ltr'><strong>ipse</strong></span> <span class='ocrx_word' id='word_1_71' title='bbox 736 854 941 906; x_wconf 80' lang='lat' dir='ltr'><strong>revorti</strong></span> <span class='ocrx_word' id='word_1_72' title='bbox 979 854 1199 905; x_wconf 89' lang='lat' dir='ltr'><strong>domum</strong></span> <span class='ocrx_word' id='word_1_73' title='bbox 1237 853 1495 918; x_wconf 87' lang='lat' dir='ltr'><strong>decrevit,</strong></span> <span class='ocrx_word' id='word_1_74' title='bbox 1522 853 1784 906; x_wconf 89' lang='lat' dir='ltr'><strong>donatum</strong></span> <span class='ocrx_word' id='word_1_75' title='bbox 1810 857 1979 922; x_wconf 88' lang='lat' dir='ltr'><strong>atque</strong></span> 
     </span>
     <span class='ocr_line' id='line_1_11' title="bbox 271 929 1980 999; baseline 0.001 -18"><span class='ocrx_word' id='word_1_76' title='bbox 271 929 555 983; x_wconf 88' lang='lat' dir='ltr'><strong>laudatum</strong></span> <span class='ocrx_word' id='word_1_77' title='bbox 593 930 876 996; x_wconf 87' lang='lat' dir='ltr'><strong>magnifice</strong></span> <span class='ocrx_word' id='word_1_78' title='bbox 912 947 1013 999; x_wconf 86' lang='lat' dir='ltr'><strong>pro</strong></span> <span class='ocrx_word' id='word_1_79' title='bbox 1053 931 1307 984; x_wconf 88' lang='lat' dir='ltr'><strong>contione</strong></span> <span class='ocrx_word' id='word_1_80' title='bbox 1351 929 1691 996; x_wconf 66' lang='lat' dir='ltr'><strong>‚Iugurtham</strong></span> <span class='ocrx_word' id='word_1_81' title='bbox 1726 930 1781 982; x_wconf 89' lang='lat' dir='ltr'><strong>in</strong></span> <span class='ocrx_word' id='word_1_82' title='bbox 1819 945 1980 999; x_wconf 89' lang='lat' dir='ltr'><strong>prae-</strong></span> 
     </span>
     <span class='ocr_line' id='line_1_12' title="bbox 272 1005 1979 1075; baseline 0.001 -19"><span class='ocrx_word' id='word_1_83' title='bbox 272 1005 476 1058; x_wconf 80' lang='lat' dir='ltr'><strong>torium</strong></span> <span class='ocrx_word' id='word_1_84' title='bbox 510 1005 742 1059; x_wconf 85' lang='lat' dir='ltr'><strong>abduxit</strong></span> <span class='ocrx_word' id='word_1_85' title='bbox 776 1005 960 1073; x_wconf 89' lang='lat' dir='ltr'><strong>ibique</strong></span> <span class='ocrx_word' id='word_1_86' title='bbox 997 1010 1210 1060; x_wconf 90' lang='lat' dir='ltr'><strong>secreto</strong></span> <span class='ocrx_word' id='word_1_87' title='bbox 1248 1008 1473 1073; x_wconf 90' lang='lat' dir='ltr'><strong>monuit,</strong></span> <span class='ocrx_word' id='word_1_88' title='bbox 1504 1007 1586 1059; x_wconf 92' lang='lat' dir='ltr'><strong>uti</strong></span> <span class='ocrx_word' id='word_1_89' title='bbox 1622 1006 1806 1075; x_wconf 89' lang='lat' dir='ltr'><strong>potius</strong></span> <span class='ocrx_word' id='word_1_90' title='bbox 1840 1005 1979 1075; x_wconf 89' lang='lat' dir='ltr'><strong>pub-</strong></span> 
     </span>
     <span class='ocr_line' id='line_1_13' title="bbox 273 1082 1976 1151; baseline 0.001 -18"><span class='ocrx_word' id='word_1_91' title='bbox 273 1082 374 1134; x_wconf 88' lang='lat' dir='ltr'><strong>lice</strong></span> <span class='ocrx_word' id='word_1_92' title='bbox 412 1099 575 1150; x_wconf 89' lang='lat' dir='ltr'><strong>quam</strong></span> <span class='ocrx_word' id='word_1_93' title='bbox 614 1082 867 1150; x_wconf 86' lang='lat' dir='ltr'><strong>privatim</strong></span> <span class='ocrx_word' id='word_1_94' title='bbox 914 1082 1209 1135; x_wconf 86' lang='lat' dir='ltr'><strong>amicitiam</strong></span> <span class='ocrx_word' id='word_1_95' title='bbox 1253 1082 1440 1151; x_wconf 90' lang='lat' dir='ltr'><strong>populi</strong></span> <span class='ocrx_word' id='word_1_96' title='bbox 1483 1082 1715 1134; x_wconf 85' lang='lat' dir='ltr'><strong>Romani</strong></span> <span class='ocrx_word' id='word_1_97' title='bbox 1755 1083 1976 1148; x_wconf 84' lang='lat' dir='ltr'><strong>coleret,</strong></span> 
     </span>
     <span class='ocr_line' id='line_1_14' title="bbox 271 1158 1978 1227; baseline 0 -17"><span class='ocrx_word' id='word_1_98' title='bbox 271 1175 378 1211; x_wconf 87' lang='lat' dir='ltr'><strong>neu</strong></span> <span class='ocrx_word' id='word_1_99' title='bbox 415 1160 612 1227; x_wconf 91' lang='lat' dir='ltr'><strong>quibus</strong></span> <span class='ocrx_word' id='word_1_100' title='bbox 648 1159 836 1224; x_wconf 69' lang='lat' dir='ltr'><strong>largiri</strong></span> <span class='ocrx_word' id='word_1_101' title='bbox 866 1160 1238 1223; x_wconf 80' lang='lat' dir='ltr'><strong>insuesceret3</strong></span> <span class='ocrx_word' id='word_1_102' title='bbox 1274 1159 1576 1227; x_wconf 88' lang='lat' dir='ltr'><strong>periculose</strong></span> <span class='ocrx_word' id='word_1_103' title='bbox 1602 1175 1635 1211; x_wconf 88' lang='lat' dir='ltr'><strong>a</strong></span> <span class='ocrx_word' id='word_1_104' title='bbox 1658 1159 1845 1226; x_wconf 86' lang='lat' dir='ltr'><strong>paucis</strong></span> <span class='ocrx_word' id='word_1_105' title='bbox 1871 1158 1978 1212; x_wconf 90' lang='lat' dir='ltr'><strong>emi</strong></span> 
     </span>
     <span class='ocr_line' id='line_1_15' title="bbox 273 1234 1978 1303; baseline 0 -17"><span class='ocrx_word' id='word_1_106' title='bbox 273 1234 420 1302; x_wconf 89' lang='lat' dir='ltr'><strong>quod</strong></span> <span class='ocrx_word' id='word_1_107' title='bbox 445 1234 739 1287; x_wconf 88' lang='lat' dir='ltr'><strong>multorum</strong></span> <span class='ocrx_word' id='word_1_108' title='bbox 777 1239 959 1300; x_wconf 90' lang='lat' dir='ltr'><strong>esset;</strong></span> <span class='ocrx_word' id='word_1_109' title='bbox 997 1235 1043 1287; x_wconf 89' lang='lat' dir='ltr'><strong>si</strong></span> <span class='ocrx_word' id='word_1_110' title='bbox 1079 1251 1402 1303; x_wconf 86' lang='lat' dir='ltr'><strong>permanere</strong></span> <span class='ocrx_word' id='word_1_111' title='bbox 1427 1234 1595 1287; x_wconf 85' lang='lat' dir='ltr'><strong>vellet</strong></span> <span class='ocrx_word' id='word_1_112' title='bbox 1624 1234 1680 1287; x_wconf 91' lang='lat' dir='ltr'><strong>in</strong></span> <span class='ocrx_word' id='word_1_113' title='bbox 1712 1235 1821 1286; x_wconf 89' lang='lat' dir='ltr'><strong>suis</strong></span> <span class='ocrx_word' id='word_1_114' title='bbox 1846 1235 1978 1288; x_wconf 85' lang='lat' dir='ltr'><strong>arti-</strong></span> 
     </span>
     <span class='ocr_line' id='line_1_16' title="bbox 275 1310 1978 1378; baseline 0 -16"><span class='ocrx_word' id='word_1_115' title='bbox 275 1312 390 1375; x_wconf 73' lang='lat' dir='ltr'><strong>buS‚</strong></span> <span class='ocrx_word' id='word_1_116' title='bbox 440 1311 585 1363; x_wconf 90' lang='lat' dir='ltr'><strong>ultro</strong></span> <span class='ocrx_word' id='word_1_117' title='bbox 630 1310 709 1363; x_wconf 91' lang='lat' dir='ltr'><strong>illi</strong></span> <span class='ocrx_word' id='word_1_118' title='bbox 757 1315 815 1364; x_wconf 94' lang='lat' dir='ltr'><strong>et</strong></span> <span class='ocrx_word' id='word_1_119' title='bbox 859 1311 1086 1378; x_wconf 86' lang='lat' dir='ltr'><strong>gloriam</strong></span> <span class='ocrx_word' id='word_1_120' title='bbox 1133 1315 1191 1364; x_wconf 91' lang='lat' dir='ltr'><strong>et</strong></span> <span class='ocrx_word' id='word_1_121' title='bbox 1238 1327 1468 1378; x_wconf 87' lang='lat' dir='ltr'><strong>regnum</strong></span> <span class='ocrx_word' id='word_1_122' title='bbox 1517 1316 1843 1375; x_wconf 81' lang='lat' dir='ltr'><strong>venturum3</strong></span> <span class='ocrx_word' id='word_1_123' title='bbox 1893 1311 1978 1363; x_wconf 89' lang='lat' dir='ltr'><strong>sin</strong></span> 
     </span>
     <span class='ocr_line' id='line_1_17' title="bbox 275 1388 1981 1456; baseline 0.001 -17"><span class='ocrx_word' id='word_1_124' title='bbox 275 1388 658 1456; x_wconf 86' lang='lat' dir='ltr'><strong>properantius</strong></span> <span class='ocrx_word' id='word_1_125' title='bbox 701 1391 974 1456; x_wconf 86' lang='lat' dir='ltr'><strong>pergeret,</strong></span> <span class='ocrx_word' id='word_1_126' title='bbox 1024 1392 1238 1442; x_wconf 85' lang='lat' dir='ltr'><strong>suamet</strong></span> <span class='ocrx_word' id='word_1_127' title='bbox 1281 1388 1457 1456; x_wconf 88' lang='lat' dir='ltr'><strong>ipsum</strong></span> <span class='ocrx_word' id='word_1_128' title='bbox 1506 1389 1735 1456; x_wconf 89' lang='lat' dir='ltr'><strong>pecunia</strong></span> <span class='ocrx_word' id='word_1_129' title='bbox 1774 1388 1981 1456; x_wconf 86' lang='lat' dir='ltr'><strong>praeci-</strong></span> 
     </span>
     <span class='ocr_line' id='line_1_18' title="bbox 272 1464 754 1531; baseline 0 -15"><span class='ocrx_word' id='word_1_130' title='bbox 272 1464 449 1531; x_wconf 91' lang='lat' dir='ltr'><strong>pitem</strong></span> <span class='ocrx_word' id='word_1_131' title='bbox 486 1480 754 1516; x_wconf 90' lang='lat' dir='ltr'><strong>casurum.</strong></span> 
     </span>
    </p>

    <p class='ocr_par' dir='ltr' id='par_1_3' title="bbox 270 1539 1985 2814">
     <span class='ocr_line' id='line_1_19' title="bbox 379 1539 1980 1609; baseline -0.001 -16"><span class='ocrx_word' id='word_1_132' title='bbox 379 1546 424 1594; x_wconf 87' lang='lat'><strong>9.</strong></span> <span class='ocrx_word' id='word_1_133' title='bbox 498 1540 586 1593; x_wconf 75' lang='lat' dir='ltr'><strong>sic</strong></span> <span class='ocrx_word' id='word_1_134' title='bbox 618 1540 832 1592; x_wconf 91' lang='lat' dir='ltr'><strong>locutus</strong></span> <span class='ocrx_word' id='word_1_135' title='bbox 865 1556 985 1592; x_wconf 88' lang='lat' dir='ltr'><strong>cum</strong></span> <span class='ocrx_word' id='word_1_136' title='bbox 1021 1539 1227 1593; x_wconf 90' lang='lat' dir='ltr'><strong>litteris</strong></span> <span class='ocrx_word' id='word_1_137' title='bbox 1252 1557 1376 1592; x_wconf 91' lang='lat' dir='ltr'><strong>eum</strong></span> <span class='ocrx_word' id='word_1_138' title='bbox 1405 1557 1541 1608; x_wconf 83' lang='lat' dir='ltr'><strong>quas</strong></span> <span class='ocrx_word' id='word_1_139' title='bbox 1567 1539 1831 1609; x_wconf 85' lang='lat' dir='ltr'><strong>Micipsae</strong></span> <span class='ocrx_word' id='word_1_140' title='bbox 1853 1539 1980 1594; x_wconf 88' lang='lat' dir='ltr'><strong>red-</strong></span> 
     </span>
     <span class='ocr_line' id='line_1_20' title="bbox 275 1615 1981 1683; baseline 0 -15"><span class='ocrx_word' id='word_1_141' title='bbox 275 1615 434 1668; x_wconf 89' lang='lat' dir='ltr'><strong>deret</strong></span> <span class='ocrx_word' id='word_1_142' title='bbox 461 1615 682 1669; x_wconf 86' lang='lat' dir='ltr'><strong>dimisit.</strong></span> <span class='ocrx_word' id='word_1_143' title='bbox 744 1616 946 1668; x_wconf 88' lang='lat' dir='ltr'><strong>Earum</strong></span> <span class='ocrx_word' id='word_1_144' title='bbox 971 1617 1245 1669; x_wconf 90' lang='lat' dir='ltr'><strong>sententia</strong></span> <span class='ocrx_word' id='word_1_145' title='bbox 1267 1615 1401 1670; x_wconf 88' lang='lat' dir='ltr'><strong>haec</strong></span> <span class='ocrx_word' id='word_1_146' title='bbox 1426 1621 1578 1670; x_wconf 87' lang='lat' dir='ltr'><strong>erat:</strong></span> <span class='ocrx_word' id='word_1_147' title='bbox 1616 1619 1645 1643; x_wconf 81' lang='lat'><strong>‘⁴</strong></span> <span class='ocrx_word' id='word_1_148' title='bbox 1665 1617 1698 1668; x_wconf 83' lang='lat' dir='ltr'><strong>J</strong></span> <span class='ocrx_word' id='word_1_149' title='bbox 1707 1616 1981 1683; x_wconf 88' lang='lat' dir='ltr'><strong>ugurthae</strong></span> 
     </span>
     <span class='ocr_line' id='line_1_21' title="bbox 274 1690 1981 1761; baseline 0.001 -17"><span class='ocrx_word' id='word_1_150' title='bbox 274 1692 358 1744; x_wconf 91' lang='lat' dir='ltr'><strong>tui</strong></span> <span class='ocrx_word' id='word_1_151' title='bbox 393 1690 536 1744; x_wconf 91' lang='lat' dir='ltr'><strong>bello</strong></span> <span class='ocrx_word' id='word_1_152' title='bbox 573 1692 908 1744; x_wconf 87' lang='lat' dir='ltr'><strong>Numantino</strong></span> <span class='ocrx_word' id='word_1_153' title='bbox 955 1692 1114 1759; x_wconf 87' lang='lat' dir='ltr'><strong>longe</strong></span> <span class='ocrx_word' id='word_1_154' title='bbox 1157 1708 1411 1744; x_wconf 88' lang='lat' dir='ltr'><strong>maxuma</strong></span> <span class='ocrx_word' id='word_1_155' title='bbox 1445 1692 1622 1746; x_wconf 85' lang='lat' dir='ltr'><strong>virtus</strong></span> <span class='ocrx_word' id='word_1_156' title='bbox 1657 1693 1777 1760; x_wconf 91' lang='lat' dir='ltr'><strong>fuit,</strong></span> <span class='ocrx_word' id='word_1_157' title='bbox 1814 1709 1981 1761; x_wconf 88' lang='lat' dir='ltr'><strong>quam</strong></span> 
     </span>
     <span class='ocr_line' id='line_1_22' title="bbox 274 1767 1982 1836; baseline 0.001 -15"><span class='ocrx_word' id='word_1_158' title='bbox 274 1785 391 1821; x_wconf 88' lang='lat' dir='ltr'><strong>rem</strong></span> <span class='ocrx_word' id='word_1_159' title='bbox 426 1767 529 1821; x_wconf 90' lang='lat' dir='ltr'><strong>tibi</strong></span> <span class='ocrx_word' id='word_1_160' title='bbox 564 1771 714 1821; x_wconf 89' lang='lat' dir='ltr'><strong>certe</strong></span> <span class='ocrx_word' id='word_1_161' title='bbox 752 1768 861 1821; x_wconf 89' lang='lat' dir='ltr'><strong>scio</strong></span> <span class='ocrx_word' id='word_1_162' title='bbox 897 1767 1097 1836; x_wconf 89' lang='lat' dir='ltr'><strong>gaudio</strong></span> <span class='ocrx_word' id='word_1_163' title='bbox 1136 1786 1267 1822; x_wconf 89' lang='lat' dir='ltr'><strong>esse.</strong></span> <span class='ocrx_word' id='word_1_164' title='bbox 1343 1768 1515 1822; x_wconf 92' lang='lat' dir='ltr'><strong>Nobis</strong></span> <span class='ocrx_word' id='word_1_165' title='bbox 1542 1768 1612 1822; x_wconf 94' lang='lat' dir='ltr'><strong>ob</strong></span> <span class='ocrx_word' id='word_1_166' title='bbox 1648 1771 1846 1824; x_wconf 87' lang='lat' dir='ltr'><strong>merita</strong></span> <span class='ocrx_word' id='word_1_167' title='bbox 1881 1787 1982 1823; x_wconf 86' lang='lat' dir='ltr'><strong>sua</strong></span> 
     </span>
     <span class='ocr_line' id='line_1_23' title="bbox 275 1844 1981 1913; baseline 0 -15"><span class='ocrx_word' id='word_1_168' title='bbox 275 1862 430 1898; x_wconf 85' lang='lat' dir='ltr'><strong>carus</strong></span> <span class='ocrx_word' id='word_1_169' title='bbox 457 1848 571 1910; x_wconf 84' lang='lat' dir='ltr'><strong>est3</strong></span> <span class='ocrx_word' id='word_1_170' title='bbox 596 1848 659 1898; x_wconf 91' lang='lat' dir='ltr'><strong>ut</strong></span> <span class='ocrx_word' id='word_1_171' title='bbox 682 1844 830 1897; x_wconf 90' lang='lat' dir='ltr'><strong>idem</strong></span> <span class='ocrx_word' id='word_1_172' title='bbox 859 1845 1071 1898; x_wconf 86' lang='lat' dir='ltr'><strong>senatui</strong></span> <span class='ocrx_word' id='word_1_173' title='bbox 1098 1849 1157 1898; x_wconf 91' lang='lat' dir='ltr'><strong>et</strong></span> <span class='ocrx_word' id='word_1_174' title='bbox 1181 1844 1380 1913; x_wconf 91' lang='lat' dir='ltr'><strong>populo</strong></span> <span class='ocrx_word' id='word_1_175' title='bbox 1403 1845 1647 1898; x_wconf 87' lang='lat' dir='ltr'><strong>Romano</strong></span> <span class='ocrx_word' id='word_1_176' title='bbox 1672 1846 1743 1899; x_wconf 88' lang='lat' dir='ltr'><strong>sit</strong></span> <span class='ocrx_word' id='word_1_177' title='bbox 1769 1863 1981 1913; x_wconf 74' lang='lat' dir='ltr'><strong>summa</strong></span> 
     </span>
     <span class='ocr_line' id='line_1_24' title="bbox 275 1921 1980 1990; baseline 0.002 -20"><span class='ocrx_word' id='word_1_178' title='bbox 275 1938 377 1988; x_wconf 87' lang='lat' dir='ltr'><strong>ope</strong></span> <span class='ocrx_word' id='word_1_179' title='bbox 409 1922 666 1975; x_wconf 85' lang='lat' dir='ltr'><strong>nitemur.</strong></span> <span class='ocrx_word' id='word_1_180' title='bbox 740 1921 861 1974; x_wconf 86' lang='lat' dir='ltr'><strong>Tibi</strong></span> <span class='ocrx_word' id='word_1_181' title='bbox 896 1922 1117 1990; x_wconf 72' lang='lat' dir='ltr'><strong>quidem*</strong></span> <span class='ocrx_word' id='word_1_182' title='bbox 1155 1938 1257 1990; x_wconf 92' lang='lat' dir='ltr'><strong>pro</strong></span> <span class='ocrx_word' id='word_1_183' title='bbox 1292 1925 1481 1974; x_wconf 87' lang='lat' dir='ltr'><strong>nostra</strong></span> <span class='ocrx_word' id='word_1_184' title='bbox 1519 1921 1756 1975; x_wconf 81' lang='lat' dir='ltr'><strong>amicitia</strong></span> <span class='ocrx_word' id='word_1_185' title='bbox 1791 1925 1980 1990; x_wconf 86' lang='lat' dir='ltr'><strong>gratu-</strong></span> 
     </span>
     <span class='ocr_line' id='line_1_25' title="bbox 275 1997 1981 2065; baseline 0.001 -16"><span class='ocrx_word' id='word_1_186' title='bbox 275 1998 370 2051; x_wconf 89' lang='lat' dir='ltr'><strong>lor.</strong></span> <span class='ocrx_word' id='word_1_187' title='bbox 444 1997 525 2049; x_wconf 87' lang='lat' dir='ltr'><strong>En</strong></span> <span class='ocrx_word' id='word_1_188' title='bbox 561 1997 731 2051; x_wconf 86' lang='lat' dir='ltr'><strong>habes</strong></span> <span class='ocrx_word' id='word_1_189' title='bbox 767 1998 943 2050; x_wconf 87' lang='lat' dir='ltr'><strong>virum</strong></span> <span class='ocrx_word' id='word_1_190' title='bbox 981 1998 1207 2065; x_wconf 87' lang='lat' dir='ltr'><strong>dignum</strong></span> <span class='ocrx_word' id='word_1_191' title='bbox 1244 2001 1303 2049; x_wconf 92' lang='lat' dir='ltr'><strong>te</strong></span> <span class='ocrx_word' id='word_1_192' title='bbox 1338 2001 1508 2065; x_wconf 86' lang='lat' dir='ltr'><strong>atque</strong></span> <span class='ocrx_word' id='word_1_193' title='bbox 1543 2013 1643 2049; x_wconf 83' lang='lat' dir='ltr'><strong>avo</strong></span> <span class='ocrx_word' id='word_1_194' title='bbox 1681 2014 1776 2050; x_wconf 88' lang='lat' dir='ltr'><strong>suo</strong></span> <span class='ocrx_word' id='word_1_195' title='bbox 1814 1998 1981 2052; x_wconf 85' lang='lat' dir='ltr'><strong>Masi-</strong></span> 
     </span>
     <span class='ocr_line' id='line_1_26' title="bbox 274 2072 1980 2141; baseline 0.001 -15"><span class='ocrx_word' id='word_1_196' title='bbox 274 2074 466 2127; x_wconf 87' lang='lat' dir='ltr'><strong>nissa.&#39;’</strong></span> <span class='ocrx_word' id='word_1_197' title='bbox 549 2074 731 2141; x_wconf 87' lang='lat' dir='ltr'><strong>Igitur</strong></span> <span class='ocrx_word' id='word_1_198' title='bbox 783 2091 893 2138; x_wconf 55' lang='lat' dir='ltr'><strong>rezi,</strong></span> <span class='ocrx_word' id='word_1_199' title='bbox 942 2074 1036 2126; x_wconf 87' lang='lat' dir='ltr'><strong>ubi</strong></span> <span class='ocrx_word' id='word_1_200' title='bbox 1084 2089 1150 2125; x_wconf 90' lang='lat' dir='ltr'><strong>ea</strong></span> <span class='ocrx_word' id='word_1_201' title='bbox 1196 2090 1335 2140; x_wconf 85' lang='lat' dir='ltr'><strong>quae</strong></span> <span class='ocrx_word' id='word_1_202' title='bbox 1381 2072 1525 2125; x_wconf 88' lang='lat' dir='ltr'><strong>fama</strong></span> <span class='ocrx_word' id='word_1_203' title='bbox 1576 2078 1864 2141; x_wconf 88' lang='lat' dir='ltr'><strong>acceperat</strong></span> <span class='ocrx_word' id='word_1_204' title='bbox 1908 2091 1980 2127; x_wconf 86' lang='lat' dir='ltr'><strong>ex</strong></span> 
     </span>
     <span class='ocr_line' id='line_1_27' title="bbox 274 2149 1980 2217; baseline 0 -14"><span class='ocrx_word' id='word_1_205' title='bbox 274 2151 476 2203; x_wconf 89' lang='lat' dir='ltr'><strong>litteris</strong></span> <span class='ocrx_word' id='word_1_206' title='bbox 501 2151 845 2217; x_wconf 79' lang='lat' dir='ltr'><strong>imperatoris</strong></span> <span class='ocrx_word' id='word_1_207' title='bbox 869 2151 947 2203; x_wconf 89' lang='lat' dir='ltr'><strong>ita</strong></span> <span class='ocrx_word' id='word_1_208' title='bbox 971 2166 1092 2202; x_wconf 89' lang='lat' dir='ltr'><strong>esse</strong></span> <span class='ocrx_word' id='word_1_209' title='bbox 1117 2150 1383 2215; x_wconf 86' lang='lat' dir='ltr'><strong>cognovit,</strong></span> <span class='ocrx_word' id='word_1_210' title='bbox 1418 2165 1586 2217; x_wconf 87' lang='lat' dir='ltr'><strong>quum</strong></span> <span class='ocrx_word' id='word_1_211' title='bbox 1618 2149 1834 2212; x_wconf 87' lang='lat' dir='ltr'><strong>virtute,</strong></span> <span class='ocrx_word' id='word_1_212' title='bbox 1860 2152 1980 2203; x_wconf 90' lang='lat' dir='ltr'><strong>tum</strong></span> 
     </span>
     <span class='ocr_line' id='line_1_28' title="bbox 274 2224 1980 2295; baseline 0 -16"><span class='ocrx_word' id='word_1_213' title='bbox 274 2228 452 2294; x_wconf 86' lang='lat' dir='ltr'><strong>gratia</strong></span> <span class='ocrx_word' id='word_1_214' title='bbox 477 2226 579 2278; x_wconf 88' lang='lat' dir='ltr'><strong>viri</strong></span> <span class='ocrx_word' id='word_1_215' title='bbox 602 2231 888 2295; x_wconf 88' lang='lat' dir='ltr'><strong>permotus</strong></span> <span class='ocrx_word' id='word_1_216' title='bbox 914 2226 1069 2278; x_wconf 87' lang='lat' dir='ltr'><strong>flexit</strong></span> <span class='ocrx_word' id='word_1_217' title='bbox 1094 2225 1356 2277; x_wconf 85' lang='lat' dir='ltr'><strong>animum·</strong></span> <span class='ocrx_word' id='word_1_218' title='bbox 1372 2242 1528 2278; x_wconf 91' lang='lat' dir='ltr'><strong>suum</strong></span> <span class='ocrx_word' id='word_1_219' title='bbox 1554 2228 1611 2277; x_wconf 92' lang='lat' dir='ltr'><strong>et</strong></span> <span class='ocrx_word' id='word_1_220' title='bbox 1643 2224 1980 2292; x_wconf 65' lang='lat' dir='ltr'><strong>‚Iugurtham</strong></span> 
     </span>
     <span class='ocr_line' id='line_1_29' title="bbox 270 2300 1981 2370; baseline 0.001 -19"><span class='ocrx_word' id='word_1_221' title='bbox 270 2303 556 2355; x_wconf 84' lang='lat' dir='ltr'><strong>beneficiis</strong></span> <span class='ocrx_word' id='word_1_222' title='bbox 602 2303 819 2355; x_wconf 89' lang='lat' dir='ltr'><strong>vincere</strong></span> <span class='ocrx_word' id='word_1_223' title='bbox 856 2318 1145 2370; x_wconf 84' lang='lat' dir='ltr'><strong>aggressus</strong></span> <span class='ocrx_word' id='word_1_224' title='bbox 1189 2306 1285 2365; x_wconf 87' lang='lat' dir='ltr'><strong>est,</strong></span> <span class='ocrx_word' id='word_1_225' title='bbox 1322 2302 1617 2369; x_wconf 84' lang='lat' dir='ltr'><strong>statimque</strong></span> <span class='ocrx_word' id='word_1_226' title='bbox 1654 2318 1787 2356; x_wconf 87' lang='lat' dir='ltr'><strong>eum·</strong></span> <span class='ocrx_word' id='word_1_227' title='bbox 1813 2300 1981 2369; x_wconf 86' lang='lat' dir='ltr'><strong>adop-</strong></span> 
     </span>
     <span class='ocr_line' id='line_1_30' title="bbox 277 2377 1980 2446; baseline -0.001 -14"><span class='ocrx_word' id='word_1_228' title='bbox 277 2379 417 2432; x_wconf 88' lang='lat' dir='ltr'><strong>tavit</strong></span> <span class='ocrx_word' id='word_1_229' title='bbox 441 2382 499 2431; x_wconf 91' lang='lat' dir='ltr'><strong>et</strong></span> <span class='ocrx_word' id='word_1_230' title='bbox 523 2380 857 2431; x_wconf 88' lang='lat' dir='ltr'><strong>testamento</strong></span> <span class='ocrx_word' id='word_1_231' title='bbox 891 2378 1099 2446; x_wconf 85' lang='lat' dir='ltr'><strong>pariter</strong></span> <span class='ocrx_word' id='word_1_232' title='bbox 1124 2394 1244 2430; x_wconf 88' lang='lat' dir='ltr'><strong>cum</strong></span> <span class='ocrx_word' id='word_1_233' title='bbox 1273 2377 1398 2429; x_wconf 91' lang='lat' dir='ltr'><strong>filiis</strong></span> <span class='ocrx_word' id='word_1_234' title='bbox 1430 2377 1692 2431; x_wconf 88' lang='lat' dir='ltr'><strong>heredem</strong></span> <span class='ocrx_word' id='word_1_235' title='bbox 1723 2378 1980 2431; x_wconf 88' lang='lat' dir='ltr'><strong>instituit.</strong></span> 
     </span>
     <span class='ocr_line' id='line_1_31' title="bbox 276 2454 1982 2523; baseline 0 -16"><span class='ocrx_word' id='word_1_236' title='bbox 276 2455 387 2508; x_wconf 84' lang='lat' dir='ltr'><strong>Sed</strong></span> <span class='ocrx_word' id='word_1_237' title='bbox 423 2454 541 2521; x_wconf 87' lang='lat' dir='ltr'><strong>ipse</strong></span> <span class='ocrx_word' id='word_1_238' title='bbox 575 2470 774 2522; x_wconf 90' lang='lat' dir='ltr'><strong>paucos</strong></span> <span class='ocrx_word' id='word_1_239' title='bbox 810 2460 935 2523; x_wconf 89' lang='lat' dir='ltr'><strong>post</strong></span> <span class='ocrx_word' id='word_1_240' title='bbox 978 2471 1146 2507; x_wconf 89' lang='lat' dir='ltr'><strong>annos</strong></span> <span class='ocrx_word' id='word_1_241' title='bbox 1190 2454 1380 2507; x_wconf 89' lang='lat' dir='ltr'><strong>morbo</strong></span> <span class='ocrx_word' id='word_1_242' title='bbox 1426 2458 1593 2523; x_wconf 89' lang='lat' dir='ltr'><strong>atque</strong></span> <span class='ocrx_word' id='word_1_243' title='bbox 1637 2458 1821 2510; x_wconf 85' lang='lat' dir='ltr'><strong>aetate</strong></span> <span class='ocrx_word' id='word_1_244' title='bbox 1856 2470 1982 2507; x_wconf 85' lang='lat' dir='ltr'><strong>con·</strong></span> 
     </span>
     <span class='ocr_line' id='line_1_32' title="bbox 278 2529 1982 2598; baseline 0.001 -16"><span class='ocrx_word' id='word_1_245' title='bbox 278 2532 454 2583; x_wconf 85' lang='lat' dir='ltr'><strong>fectus</strong></span> <span class='ocrx_word' id='word_1_246' title='bbox 481 2547 648 2597; x_wconf 89' lang='lat' dir='ltr'><strong>quum</strong></span> <span class='ocrx_word' id='word_1_247' title='bbox 675 2529 777 2583; x_wconf 92' lang='lat' dir='ltr'><strong>sibi</strong></span> <span class='ocrx_word' id='word_1_248' title='bbox 804 2531 963 2583; x_wconf 89' lang='lat' dir='ltr'><strong>finem</strong></span> <span class='ocrx_word' id='word_1_249' title='bbox 992 2531 1138 2584; x_wconf 81' lang='lat' dir='ltr'><strong>vitae</strong></span> <span class='ocrx_word' id='word_1_250' title='bbox 1176 2530 1369 2583; x_wconf 87' lang='lat' dir='ltr'><strong>adesse</strong></span> <span class='ocrx_word' id='word_1_251' title='bbox 1401 2532 1764 2598; x_wconf 83' lang='lat' dir='ltr'><strong>intellegeret,</strong></span> <span class='ocrx_word' id='word_1_252' title='bbox 1798 2547 1982 2583; x_wconf 90' lang='lat' dir='ltr'><strong>coram</strong></span> 
     </span>
     <span class='ocr_line' id='line_1_33' title="bbox 277 2605 1983 2674; baseline 0.001 -16"><span class='ocrx_word' id='word_1_253' title='bbox 277 2607 464 2659; x_wconf 81' lang='lat' dir='ltr'><strong>amicis</strong></span> <span class='ocrx_word' id='word_1_254' title='bbox 507 2609 564 2659; x_wconf 87' lang='lat' dir='ltr'><strong>et</strong></span> <span class='ocrx_word' id='word_1_255' title='bbox 611 2607 856 2673; x_wconf 88' lang='lat' dir='ltr'><strong>cognatis</strong></span> <span class='ocrx_word' id='word_1_256' title='bbox 902 2608 1148 2673; x_wconf 88' lang='lat' dir='ltr'><strong>itemque</strong></span> <span class='ocrx_word' id='word_1_257' title='bbox 1194 2605 1512 2659; x_wconf 87' lang='lat' dir='ltr'><strong>Adherbale</strong></span> <span class='ocrx_word' id='word_1_258' title='bbox 1557 2610 1614 2659; x_wconf 89' lang='lat' dir='ltr'><strong>et</strong></span> <span class='ocrx_word' id='word_1_259' title='bbox 1662 2606 1983 2674; x_wconf 82' lang='lat' dir='ltr'><strong>Hiempsale</strong></span> 
     </span>
     <span class='ocr_line' id='line_1_34' title="bbox 280 2680 1985 2749; baseline 0 -15"><span class='ocrx_word' id='word_1_260' title='bbox 280 2683 404 2735; x_wconf 89' lang='lat' dir='ltr'><strong>filiis</strong></span> <span class='ocrx_word' id='word_1_261' title='bbox 445 2683 647 2736; x_wconf 91' lang='lat' dir='ltr'><strong>dicitur</strong></span> <span class='ocrx_word' id='word_1_262' title='bbox 694 2681 1071 2749; x_wconf 87' lang='lat' dir='ltr'><strong>hujuscemodi</strong></span> <span class='ocrx_word' id='word_1_263' title='bbox 1119 2680 1289 2734; x_wconf 84' lang='lat' dir='ltr'><strong>verba</strong></span> <span class='ocrx_word' id='word_1_264' title='bbox 1336 2698 1457 2734; x_wconf 87' lang='lat' dir='ltr'><strong>cum</strong></span> <span class='ocrx_word' id='word_1_265' title='bbox 1494 2682 1530 2733; x_wconf 83' lang='lat' dir='ltr'><strong>J</strong></span> <span class='ocrx_word' id='word_1_266' title='bbox 1535 2682 1769 2749; x_wconf 87' lang='lat' dir='ltr'><strong>ugurtha</strong></span> <span class='ocrx_word' id='word_1_267' title='bbox 1815 2680 1985 2734; x_wconf 86' lang='lat' dir='ltr'><strong>habu-</strong></span> 
     </span>
     <span class='ocr_line' id='line_1_35' title="bbox 279 2760 401 2814; baseline -0.016 0"><span class='ocrx_word' id='word_1_268' title='bbox 279 2760 401 2814; x_wconf 85' lang='lat' dir='ltr'><strong>isse.</strong></span> 
     </span>
    </p>

    <p class='ocr_par' dir='ltr' id='par_1_4' title="bbox 268 2833 1986 3283">
     <span class='ocr_line' id='line_1_36' title="bbox 268 2833 1985 2901; baseline -0.001 -11"><span class='ocrx_word' id='word_1_269' title='bbox 268 2885 275 2890; x_wconf 78' lang='grc'><em>,</em></span> <span class='ocrx_word' id='word_1_270' title='bbox 390 2842 462 2889; x_wconf 87' lang='grc'><strong>10.</strong></span> <span class='ocrx_word' id='word_1_271' title='bbox 534 2834 816 2888; x_wconf 84' lang='lat' dir='ltr'><strong>“Parvum</strong></span> <span class='ocrx_word' id='word_1_272' title='bbox 855 2850 958 2901; x_wconf 91' lang='lat' dir='ltr'><strong>ego</strong></span> <span class='ocrx_word' id='word_1_273' title='bbox 993 2837 1066 2901; x_wconf 89' lang='lat' dir='ltr'><strong>te,</strong></span> <span class='ocrx_word' id='word_1_274' title='bbox 1105 2834 1144 2886; x_wconf 89' lang='lat' dir='ltr'><strong>J</strong></span> <span class='ocrx_word' id='word_1_275' title='bbox 1148 2833 1401 2901; x_wconf 88' lang='lat' dir='ltr'><strong>ugurtha,</strong></span> <span class='ocrx_word' id='word_1_276' title='bbox 1427 2835 1622 2887; x_wconf 89' lang='lat' dir='ltr'><strong>amisso</strong></span> <span class='ocrx_word' id='word_1_277' title='bbox 1651 2835 1826 2901; x_wconf 91' lang='lat' dir='ltr'><strong>patre,</strong></span> <span class='ocrx_word' id='word_1_278' title='bbox 1865 2833 1985 2889; x_wconf 90' lang='lat' dir='ltr'><strong>sine</strong></span> 
     </span>
     <span class='ocr_line' id='line_1_37' title="bbox 280 2909 1984 2980; baseline 0 -16"><span class='ocrx_word' id='word_1_279' title='bbox 280 2928 392 2980; x_wconf 87' lang='lat' dir='ltr'><strong>spe,</strong></span> <span class='ocrx_word' id='word_1_280' title='bbox 436 2912 552 2966; x_wconf 87' lang='lat' dir='ltr'><strong>sine</strong></span> <span class='ocrx_word' id='word_1_281' title='bbox 592 2910 801 2980; x_wconf 77' lang='lat' dir='ltr'><strong>opibuS,</strong></span> <span class='ocrx_word' id='word_1_282' title='bbox 835 2909 891 2962; x_wconf 91' lang='lat' dir='ltr'><strong>in</strong></span> <span class='ocrx_word' id='word_1_283' title='bbox 925 2926 1104 2962; x_wconf 89' lang='lat' dir='ltr'><strong>meum</strong></span> <span class='ocrx_word' id='word_1_284' title='bbox 1146 2926 1375 2977; x_wconf 89' lang='lat' dir='ltr'><strong>regnum</strong></span> <span class='ocrx_word' id='word_1_285' title='bbox 1412 2911 1612 2978; x_wconf 87' lang='lat' dir='ltr'><strong>accepi,</strong></span> <span class='ocrx_word' id='word_1_286' title='bbox 1646 2910 1984 2964; x_wconf 85' lang='lat' dir='ltr'><strong>existumans</strong></span> 
     </span>
     <span class='ocr_line' id='line_1_38' title="bbox 283 2986 1984 3053; baseline 0.002 -16"><span class='ocrx_word' id='word_1_287' title='bbox 283 3004 386 3038; x_wconf 57' lang='lat' dir='ltr'><strong>ion</strong></span> <span class='ocrx_word' id='word_1_288' title='bbox 414 2988 588 3039; x_wconf 89' lang='lat' dir='ltr'><strong>minus</strong></span> <span class='ocrx_word' id='word_1_289' title='bbox 613 3003 700 3039; x_wconf 89' lang='lat' dir='ltr'><strong>me</strong></span> <span class='ocrx_word' id='word_1_290' title='bbox 719 2986 822 3039; x_wconf 91' lang='lat' dir='ltr'><strong>tibi</strong></span> <span class='ocrx_word' id='word_1_291' title='bbox 847 3003 1008 3053; x_wconf 86' lang='lat' dir='ltr'><strong>quam</strong></span> <span class='ocrx_word' id='word_1_292' title='bbox 1029 2986 1073 3038; x_wconf 89' lang='lat' dir='ltr'><strong>si</strong></span> <span class='ocrx_word' id='word_1_293' title='bbox 1097 2986 1403 3053; x_wconf 87' lang='lat' dir='ltr'><strong>genuissem</strong></span> <span class='ocrx_word' id='word_1_294' title='bbox 1426 2986 1495 3038; x_wconf 95' lang='lat' dir='ltr'><strong>ob</strong></span> <span class='ocrx_word' id='word_1_295' title='bbox 1515 2986 1777 3039; x_wconf 90' lang='lat' dir='ltr'><strong>beneficia</strong></span> <span class='ocrx_word' id='word_1_296' title='bbox 1796 3003 1984 3040; x_wconf 85' lang='lat' dir='ltr'><strong>carum</strong></span> 
     </span>
     <span class='ocr_line' id='line_1_39' title="bbox 282 3061 1986 3129; baseline 0.001 -16"><span class='ocrx_word' id='word_1_297' title='bbox 282 3062 426 3125; x_wconf 82' lang='lat' dir='ltr'><strong>sore3</strong></span> <span class='ocrx_word' id='word_1_298' title='bbox 476 3078 651 3129; x_wconf 90' lang='lat' dir='ltr'><strong>neque</strong></span> <span class='ocrx_word' id='word_1_299' title='bbox 689 3078 753 3114; x_wconf 88' lang='lat' dir='ltr'><strong>ea</strong></span> <span class='ocrx_word' id='word_1_300' title='bbox 796 3078 887 3115; x_wconf 89' lang='lat' dir='ltr'><strong>res</strong></span> <span class='ocrx_word' id='word_1_301' title='bbox 929 3061 1127 3114; x_wconf 88' lang='lat' dir='ltr'><strong>falsum</strong></span> <span class='ocrx_word' id='word_1_302' title='bbox 1165 3078 1253 3114; x_wconf 89' lang='lat' dir='ltr'><strong>me</strong></span> <span class='ocrx_word' id='word_1_303' title='bbox 1288 3061 1498 3115; x_wconf 88' lang='lat' dir='ltr'><strong>habuit.</strong></span> <span class='ocrx_word' id='word_1_304' title='bbox 1584 3063 1725 3115; x_wconf 88' lang='lat' dir='ltr'><strong>Nam</strong></span> <span class='ocrx_word' id='word_1_305' title='bbox 1771 3067 1835 3115; x_wconf 87' lang='lat' dir='ltr'><strong>ut</strong></span> <span class='ocrx_word' id='word_1_306' title='bbox 1878 3063 1986 3115; x_wconf 87' lang='lat' dir='ltr'><strong>alia</strong></span> 
     </span>
     <span class='ocr_line' id='line_1_40' title="bbox 281 3137 1986 3205; baseline 0.001 -16"><span class='ocrx_word' id='word_1_307' title='bbox 281 3153 478 3204; x_wconf 84' lang='lat' dir='ltr'><strong>magna</strong></span> <span class='ocrx_word' id='word_1_308' title='bbox 512 3141 570 3190; x_wconf 87' lang='lat' dir='ltr'><strong>et</strong></span> <span class='ocrx_word' id='word_1_309' title='bbox 606 3138 827 3205; x_wconf 87' lang='lat' dir='ltr'><strong>egregia</strong></span> <span class='ocrx_word' id='word_1_310' title='bbox 852 3142 950 3191; x_wconf 88' lang='lat' dir='ltr'><strong>tua</strong></span> <span class='ocrx_word' id='word_1_311' title='bbox 973 3137 1239 3203; x_wconf 86' lang='lat' dir='ltr'><strong>omittam,</strong></span> <span class='ocrx_word' id='word_1_312' title='bbox 1269 3137 1579 3191; x_wconf 85' lang='lat' dir='ltr'><strong>novissume</strong></span> <span class='ocrx_word' id='word_1_313' title='bbox 1614 3137 1832 3191; x_wconf 88' lang='lat' dir='ltr'><strong>rediens</strong></span> <span class='ocrx_word' id='word_1_314' title='bbox 1870 3139 1919 3191; x_wconf 91' lang='lat' dir='ltr'>N</span> <span class='ocrx_word' id='word_1_315' title='bbox 1923 3156 1986 3191; x_wconf 89' lang='lat' dir='ltr'><strong>u-</strong></span> 
     </span>
     <span class='ocr_line' id='line_1_41' title="bbox 281 3212 1985 3283; baseline 0.001 -18"><span class='ocrx_word' id='word_1_316' title='bbox 281 3212 489 3266; x_wconf 86' lang='lat' dir='ltr'><strong>mantia</strong></span> <span class='ocrx_word' id='word_1_317' title='bbox 534 3229 730 3281; x_wconf 88' lang='lat' dir='ltr'><strong>meque</strong></span> <span class='ocrx_word' id='word_1_318' title='bbox 778 3229 1117 3283; x_wconf 88' lang='lat' dir='ltr'><strong>regnumque</strong></span> <span class='ocrx_word' id='word_1_319' title='bbox 1173 3230 1356 3267; x_wconf 85' lang='lat' dir='ltr'><strong>meum</strong></span> <span class='ocrx_word' id='word_1_320' title='bbox 1410 3213 1585 3282; x_wconf 85' lang='lat' dir='ltr'><strong>gloria</strong></span> <span class='ocrx_word' id='word_1_321' title='bbox 1631 3214 1985 3283; x_wconf 85' lang='lat' dir='ltr'><strong>honoravisti,</strong></span> 
     </span>
    </p>
   </div>
  </div>
 </body>
</html>
