2269 3561
251 164 311 210 16
749 159 806 209 C.
847 158 1197 208 SALLUSTI
1232 157 1461 206 CRISPI

253 241 511 295 diuturna
529 240 685 309 quies
706 244 1018 309 pepererat,
1036 242 1265 307 repente
1282 239 1457 292 omnis
1476 238 1707 292 tristitia
1729 237 1928 292 invasit
1944 258 1958 303 3

249 318 525 383 festinare,
562 317 857 385 trepidare,
890 333 1066 384 neque
1100 317 1218 368 loco
1257 332 1436 384 neque
1469 315 1671 367 homini
1705 316 1958 383 cuiquam

252 394 384 448 satis
409 393 650 458 credere,
676 410 855 461 neque
875 392 1078 445 bellum
1103 409 1297 460 gerere
1320 408 1501 460 neque
1518 408 1710 458 pacem
1734 391 1957 458 habere,

252 487 349 524 suo
390 470 622 539 quisque
659 473 812 522 metu
847 468 1093 536 pericula
1134 468 1333 522 metiri.
1409 467 1502 520 Ad
1543 468 1644 521 1100
1682 469 1955 536 100Ιί6168,

252 547 448 616 quibus
487 547 567 600 rei
613 545 864 613 publicae
913 545 1290 613 magnitudine
1331 544 1462 598 belli
1500 545 1668 598 timor
1709 545 1960 597 insolitus

252 621 611 692 [incesserat],
648 622 911 675 afflictare
945 639 1078 686 sese,
1114 639 1308 674 manus
1342 621 1612 690 supplices
1645 621 1715 674 ad
1749 621 1959 674 coelum

251 699 498 763 tendere,
524 699 772 750 miserari
797 715 995 767 parvos
1018 698 1235 765 liberOS,
1259 699 1516 766 rogitare,
1542 698 1721 751 omnia
1744 715 1959 766 pavere,

252 776 509 844 superbia
538 779 704 842 atque
730 774 938 827 deliciis
968 774 1180 827 omissis
1210 774 1313 827 sibi
1342 774 1664 842 patriaeque
1694 774 1957 827 diffidere.

179 882 183 885 -
256 854 336 906 At
363 852 627 906 Catilinae
654 851 891 903 crudelis
922 852 1132 903 animus
1167 850 1359 904 eadem
1394 848 1486 903 illa
1521 851 1793 918 movebat,
1821 854 1959 903 tam-

255 929 359 982 etsi
390 927 662 997 praesidia
697 926 1051 995 parabantur,
1080 932 1139 979 et
1172 927 1290 995 ipse
1326 926 1447 993 lege
1485 926 1701 978 Plautia
1732 926 1961 980 interro-

253 1009 415 1072 gatus
447 1007 568 1056 erat
599 1002 668 1055 ab
705 1003 762 1055 L.
791 1002 962 1055 Paulo
1050 1002 1340 1056 Postremo
1366 1002 1743 1071 dissimulandi
1772 1014 1961 1055 caussa

255 1085 352 1135 aut
401 1081 481 1132 sui
532 1078 889 1147 expurgandi,
936 1079 1095 1132 sicuti
1139 1077 1328 1145 jurgio
1375 1078 1657 1131 lacessitus
1705 1079 1862 1145 foret,
1903 1080 1960 1130 in

257 1161 506 1210 senatum
546 1157 709 1209 venit.
782 1155 919 1207 Tum
959 1155 1034 1207 M.
1065 1155 1273 1207 Tullius
1312 1155 1515 1222 consul,
1558 1156 1669 1208 sive
1708 1172 1962 1224 praesen-

255 1234 389 1287 tiam
427 1232 546 1301 ejus
584 1233 782 1286 timens
820 1231 933 1284 sive
968 1232 1052 1285 ira
1087 1235 1400 1295 commotus»,
1435 1232 1735 1285 orationem
1772 1231 1963 1285 habuit

255 1309 588 1362 luculentam
615 1312 783 1376 atque
803 1308 994 1363 ut'11em
1022 1309 1101 1361 rei
1125 1307 1388 1376 publicae,
1406 1325 1568 1377 quam
1594 1313 1783 1376 postea
1801 1309 1964 1377 scrip-

257 1391 373 1438 tam
399 1384 587 1438 edidit.
663 1384 769 1436 Sed
805 1385 897 1438 ubi
930 1385 1023 1438 ille
1052 1384 1275 1451 assedit,
1304 1384 1549 1451 Catilina,
1575 1388 1639 1437 ut
1664 1389 1783 1438 erat
1808 1402 1964 1453 para-

258 1465 350 1516 tus
383 1460 454 1513 ad
488 1460 878 1513 dissimulanda
902 1461 1096 1525 omnia,
1122 1461 1359 1513 demisso
1382 1460 1551 1526 voltu,
1578 1477 1707 1514 voce
1737 1462 1965 1530 supplici

258 1537 552 1606 postulare,
587 1540 775 1605 patres
807 1537 1099 1606 conscripti
1132 1553 1204 1590 ne
1237 1537 1371 1605 quid
1408 1537 1479 1589 de
1514 1554 1573 1590 se
1608 1541 1819 1591 temere
1851 1555 1966 1590 cre-

260 1615 493 1679 derent3
547 1630 613 1666 ea
650 1613 857 1666 familia
898 1618 1093 1680 ortum,
1139 1613 1217 1666 ita
1265 1612 1336 1665 ab
1382 1613 1754 1667 adulescentia
1794 1615 1966 1667 vitam

259 1690 582 1758 instituisse,
607 1693 671 1743 ut
701 1691 879 1743 omnia
906 1689 1051 1742 bona
1079 1691 1134 1742 in
1165 1706 1262 1759 spe
1285 1688 1517 1744 haberet
1532 1711 1545 1755 ;
1581 1707 1651 1744 ne
1677 1691 1969 1744 existuma-

261 1771 387 1821 rent
423 1766 526 1821 sibi
563 1765 794 1837 patricio
830 1766 1049 1833 homini,
1087 1766 1243 1836 cujus
1285 1766 1454 1835 ipsius
1490 1770 1656 1836 atque
1697 1766 1968 1836 majorum

261 1844 514 1912 pluruma
537 1844 805 1897 beneficia
827 1844 884 1896 in
908 1844 1169 1912 populum
1196 1844 1502 1897 Romanum
1528 1847 1725 1910 essent,
1748 1844 1971 1912 perdita

262 1938 323 1974 re
354 1920 572 1989 publica
603 1937 740 1988 opus
774 1937 907 1985 esse,
933 1937 1099 1990 quum
1125 1937 1248 1973 eam
1273 1924 1518 1974 servaret
1552 1920 1627 1972 M.
1655 1920 1859 1974 'Pullius
1890 1921 1972 1973 in-

264 1997 504 2065 quilinus
545 1997 677 2050 civis
724 1996 877 2050 urbis
922 1997 1143 2049 Romae.
1235 1996 1328 2049 Ad
1375 1997 1478 2050 hoc
1525 1997 1818 2051 maledicta
1863 1997 1972 2051 alia

265 2090 432 2141 quum
469 2073 715 2139 adderet,
750 2073 1072 2140 obstrepere
1106 2090 1306 2137 01111168,
1342 2072 1557 2126 hostem
1595 2078 1762 2142 atque
1797 2074 1971 2142 parri-

265 2150 443 2202 cidam
467 2166 675 2203 vocare.
747 2149 883 2201 Tum
908 2149 1000 2202 ille
1023 2147 1376 2202 furibundus:
1414 2150 1444 2175 “
1464 2149 1718 2218 quoniam
1744 2150 1970 2217 quidem

265 2226 708 2292 circumventus?
747 2226 941 2294 inquit,
982 2225 1012 2251 “
1027 2225 1096 2278 ab
1136 2225 1366 2277 inimicis
1404 2242 1669 2294 praeceps
1706 2243 1852 2295 agor,
1890 2227 1972 2279 in-

266 2301 519 2355 cendium
544 2318 726 2353 meum
752 2302 908 2354 ruina
930 2301 1315 2369 restinguam.”

372 2384 452 2431 32.
527 2377 667 2446 Dein
701 2394 760 2430 se
793 2394 861 2430 ex
892 2378 1042 2430 curia
1067 2377 1288 2429 domum
1321 2375 1607 2446 proripuit.
1682 2378 1770 2431 Ibi
1798 2378 1975 2432 multa

268 2471 449 2508 secum
482 2454 600 2522 ipse
628 2454 865 2521 volvens,
895 2454 1043 2523 quod
1076 2470 1257 2521 neque
1290 2454 1518 2507 insidiae
1549 2455 1754 2508 consuli
1786 2472 1974 2523 proce-

269 2531 492 2598 debant,
518 2535 576 2584 et
608 2530 678 2582 ab
701 2530 953 2583 incendio
979 2530 1337 2599 intellegebat
1360 2531 1553 2585 urbem
1578 2532 1777 2599 vigiliis
1804 2532 1976 2584 muni-

267 2611 398 2674 tam,
425 2611 710 2676 optumum
736 2606 884 2660 factu
912 2606 1142 2659 credens
1167 2607 1467 2659 exercitum
1493 2625 1711 2676 augere,
1736 2625 1799 2661 ac
1824 2609 1975 2675 prius

268 2700 431 2753 quam
481 2682 723 2749 legiones
773 2682 1145 2736 scriberentur
1192 2681 1411 2751 [multa]
1458 2688 1785 2753 antecapere
1835 2701 1976 2752 quae

268 2760 412 2813 bello
442 2760 563 2812 usui
594 2758 790 2823 forent,
818 2763 978 2812 nocte
1006 2759 1341 2828 intempesta
1369 2777 1490 2813 cum
1521 2760 1708 2831 paucis
1737 2761 1794 2812 in
1820 2761 1976 2812 Man-

269 2836 415 2890 liana
446 2840 625 2889 castra
657 2835 933 2906 profectus
963 2838 1061 2888 est.
1136 2834 1247 2888 Sed
1275 2835 1518 2905 Cethego
1548 2840 1714 2905 atque
1740 2836 1975 2889 Lentulo

270 2914 591 2981 ceterisque,
644 2929 873 2980 quorum
928 2915 1259 2979 cognoverat
1311 2917 1620 2981 promptam
1676 2913 1973 2978 audaciam,

269 2988 496 3042 mandat
519 2989 716 3057 quibus
747 2988 913 3041 rebus
942 2992 1169 3057 possent
1197 3006 1328 3056 opes
1356 2990 1607 3044 factionis
1636 2990 1974 3056 confirment,

269 3064 494 3117 insidias
519 3066 725 3117 consuli
749 3068 1044 3132 maturent,
1063 3065 1302 3128 caedem,
1328 3065 1582 3120 incendia
1604 3066 1819 3134 aliaque
1844 3064 1975 3119 belli

270 3141 508 3193 facinora
545 3145 767 3206 parent;
819 3157 937 3195 sese
976 3142 1294 3209 propediem
1334 3158 1455 3194 cum
1495 3158 1691 3210 magno
1727 3142 1975 3194 exercitu

271 3216 345 3270 ad
384 3215 579 3269 urbem
621 3233 979 3271 accessurum.
1065 3216 1213 3269 Dum
1261 3216 1394 3272 haec
1438 3218 1644 3273 Romae
1684 3223 1973 3287 geruntur,
