2269 3561
977 227 1004 273 2)
1025 226 1394 275 UGURTHA.
1943 237 2034 283 205

332 308 702 361 Romanorum
727 306 990 362 avaritiae
1008 307 1279 363 falsamet
1304 307 1509 362 Sullam
1527 309 1598 362 ob
1617 311 2039 370 munifizentiam

327 384 387 437 in
429 401 550 438 sese
591 385 821 438 amicum
863 385 986 438 rati.
1076 385 1220 438 Nam
1264 385 1551 440 etiamtum
1593 386 1812 454 largitio
1852 389 2040 446 multis

328 461 520 528 ignota
553 465 702 526 erat3
738 462 1020 515 munificus
1053 480 1213 516 nemo
1234 462 1547 530 putabatur
1575 463 1679 515 nisi
1713 464 1922 532 pariter
1951 483 2040 518 vo-

329 535 464 602 lenS,
515 537 658 590 dona
705 539 882 591 omnia
929 539 982 591 in
1032 540 1373 606 benignitate
1422 538 1782 593 habebantur.
1861 540 2041 606 Igitur

331 613 610 681 quaestori
644 614 903 667 mandata
935 614 1130 667 Bocchi
1165 615 1531 684 patefaciunt3
1568 615 1729 668 simul
1760 614 1830 668 ab
1855 632 1919 668 eo
1949 633 2041 684 pe-

328 691 458 743 tunt
497 691 578 743 uti
617 691 799 743 fautor
836 690 1217 759 consultorque
1258 691 1358 745 sibi
1398 690 1544 745 adsit
1560 713 1573 757 ;
1622 691 1818 760 copiaS,
1858 691 2042 758 fidem,

330 765 764 834 magnitudinem
795 767 940 833 regis
965 768 1047 819 sui
1073 774 1130 820 et
1159 767 1263 821 alia
1289 785 1429 836 quae
1458 772 1556 821 aut
1578 769 1735 822 utilia
1759 772 1855 821 aut
1879 767 2041 822 bene-

328 842 600 896 volentiae
633 858 752 894 esse
783 841 1099 908 credebant,
1125 844 1372 897 oratione
1397 845 1698 907 extollunt3
1734 845 1860 896 dein
1892 846 2043 898 Sulla

330 919 512 971 omnia
560 918 816 987 pollicitO,
859 918 1005 972 docti
1050 936 1158 986 quo
1206 920 1368 972 modo
1416 922 1565 988 apud
1614 921 1866 987 Marium,
1906 921 2040 973 item

330 994 479 1063 apud
510 1000 759 1049 senatum
794 996 961 1049 verba
991 997 1250 1064 facerent,
1281 997 1498 1050 circiter
1527 997 1646 1051 dies
1679 996 2044 1066 quadraginta

329 1071 537 1124 ibidem
564 1073 935 1140 opperiuntur.

440 1155 551 1202 104.
627 1149 836 1202 Marius
871 1153 1162 1218 postquam
1199 1151 1444 1205 confecto
1480 1151 1700 1219 negotio
1725 1169 1833 1219 quo
1865 1154 2042 1208 inten-

331 1224 492 1278 derat
519 1226 726 1279 Cirtam
753 1224 915 1292 redit,
942 1224 1013 1278 de
1038 1225 1279 1280 adventu
1310 1226 1614 1293 legatorum
1640 1228 1841 1280 certior
1866 1231 2042 1283 factus

329 1300 561 1370 illosque
586 1307 644 1355 et
670 1302 873 1355 Sullam
901 1302 1085 1355 venire
1102 1302 1282 1369 jubet,
1309 1302 1444 1355 item
1471 1303 1528 1355 L.
1558 1303 1863 1356 Bellienum
1890 1322 2043 1372 prae-

329 1381 507 1431 torem
535 1379 712 1444 Utica,
736 1381 1025 1446 praeterea
1049 1379 1224 1431 omnis
1251 1377 1495 1445 undique
1530 1379 1786 1431 senatorii
1819 1381 2040 1446 ordinis,

330 1454 652 1521 quibuscum
678 1454 942 1507 mandata
968 1454 1168 1507 Bocchi
1193 1454 1482 1521 cognoscit.
1548 1455 1769 1521 Legatis
1793 1460 2042 1525 potestas

331 1530 499 1583 eundi
537 1531 762 1583 Romam
798 1531 863 1583 fit
897 1529 966 1583 ab
996 1530 1243 1595 consule;
1281 1530 1491 1583 interea
1524 1530 1776 1584 induciae
1805 1533 2043 1619 postula-

335 1606 574 1660 bantur.
626 1607 706 1659 Ea
746 1606 927 1660 Sullae
968 1610 1026 1659 et
1063 1606 1337 1674 plerisque
1375 1606 1657 1673 placuere;
1702 1592 1864 1674 pauci
1901 1609 2042 1661 fero-

331 1683 449 1736 cius
483 1682 797 1749 decernunt,
831 1682 1038 1736 scilicet
1069 1682 1245 1749 ignari
1282 1682 1637 1734 humanarum
1670 1699 1871 1752 rerum,
1902 1702 2042 1751 quae

332 1758 513 1813 fluxae
551 1763 607 1813 et
644 1758 872 1813 mobiles
911 1775 1127 1828 semper
1157 1759 1210 1811 in
1241 1758 1471 1811 advorsa
1508 1763 1804 1815 mutantur.
1882 1761 2043 1817 Cete-

330 1852 455 1888 rum
505 1836 684 1889 Mauri
732 1836 1042 1904 impetratis
1082 1834 1330 1888 omnibus
1378 1839 1494 1889 tres
1535 1836 1764 1889 Romam
1812 1839 2040 1906 profecti

331 1929 454 1965 cum
499 1914 594 1966 Cn.
627 1913 853 1967 Octavio
896 1912 1128 1976 Rusone,
1174 1911 1267 1978 qui
1314 1917 1573 1978 quaestor
1613 1912 1944 1980 stipendium
1987 1916 2042 1967 in

334 1989 579 2042 Africam
629 1992 961 2057 portaverat,
1005 1988 1113 2039 duo
1156 1986 1225 2039 ad
1276 2003 1463 2053 regem
1504 1987 1750 2042 redeunt.
1826 1990 1909 2042 Ex
1958 1990 2044 2043 his

333 2064 580 2118 Bocchus
626 2083 793 2133 quum
839 2070 1036 2129 cetera,
1079 2067 1197 2115 tuni
1246 2079 1499 2114 maxume
1547 2061 1940 2131 benignitatem
1985 2069 2043 2120 et

332 2142 576 2195 studium
626 2142 806 2195 Sullae
856 2139 1045 2193 lubens
1093 2139 1318 2208 accepit.
1410 2138 1617 2191 Romae
1664 2140 1860 2207 legatis
1908 2143 2042 2209 ejuS‚

333 2223 622 2286 postquam
661 2235 872 2270 errasse
910 2232 1095 2283 regem
1141 2218 1199 2269 et
1238 2214 1275 2266 J
1278 2214 1549 2282 ugurthae
1590 2215 1793 2268 scelere
1834 2217 2043 2284 lapsum

333 2294 611 2362 deprecati
638 2298 781 2359 sunt,
798 2292 1089 2346 amicitiam
1113 2295 1173 2345 ct
1196 2291 1390 2343 foedus
1413 2290 1732 2358 petentibus
1757 2291 1857 2345 hoc
1883 2294 2044 2345 modo

333 2370 725 2439 respondetur:
764 2370 794 2396 “
813 2370 1046 2423 Senatus
1076 2370 1133 2420 et
1163 2367 1395 2436 populus
1424 2368 1699 2420 Romanus
1730 2367 1958 2421 benefici
1987 2374 2045 2421 ct

333 2446 565 2514 injuriae
602 2463 809 2500 memor
846 2463 965 2498 esso
1004 2444 1157 2497 solet.
1232 2443 1491 2496 Ceterum
1531 2443 1760 2510 BocchO,
1794 2445 2044 2510 quoniam

333 2523 596 2591 poenitet,
638 2523 826 2577 delicti
863 2521 1095 2589 gratiam
1134 2519 1298 2584 facit3
1346 2518 1541 2573 foedus
1580 2523 1638 2573 et
1676 2518 1915 2574 amicitia
1954 2519 2045 2573 da-

333 2599 555 2665 buntur,
583 2616 749 2666 quum
775 2597 1080 2651 meruerit.''

444 2682 554 2728 105.
630 2676 763 2739 Quis
815 2674 977 2728 rebus
1024 2674 1256 2741 cognitis
1311 2673 1557 2727 Bocchus
1604 2691 1705 2743 per
1751 2673 1967 2728 litteras
2015 2692 2047 2726 a

335 2751 513 2805 Mario
543 2751 739 2819 petivit
761 2751 846 2803 uti
879 2749 1081 2803 Sullam
1106 2749 1179 2801 ad
1214 2766 1272 2802 se
1306 2750 1568 2816 mitteret,
1594 2750 1751 2817 cujus
1774 2749 2046 2804 arbitratu

336 2827 408 2879 de
446 2826 820 2880 communibus
861 2825 1091 2893 negotiis
1131 2824 1521 2878 consuleretur.
1597 2826 1654 2877 Is
1694 2825 1887 2877 missus
1922 2843 2045 2878 cum

335 2902 612 2972 praesidio
637 2902 882 2971 equitum
917 2904 1083 2969 atquc
1117 2900 1382 2968 peditum,
1405 2901 1536 2953 item
1573 2900 1909 2954 funditorum
1945 2902 2049 2953 Ba-

334 2978 598 3043 leariuni;
667 2982 952 3047 praeterea
1001 2977 1116 3029 iore
1167 2977 1437 3043 sagittarii
1481 2980 1537 3030 et
1588 2977 1778 3030 cohors
1824 2977 2047 3045 Peligna

335 3071 461 3107 cum
488 3055 802 3107 velitaribus
837 3053 1002 3106 armis
1033 3052 1245 3107 itineris
1280 3054 1607 3120 properandi
1642 3070 1846 3118 caussa,
1870 3070 2049 3121 neque

333 3129 422 3183 his
447 3146 601 3183 secus
626 3136 794 3198 atque
820 3129 940 3182 aliis
969 3129 1134 3182 armis
1159 3128 1451 3181 advorsum
1477 3129 1590 3182 tela
1620 3130 1874 3197 hostium,
1902 3129 2050 3197 quod

335 3223 406 3261 ea
443 3206 582 3259 levia
620 3212 762 3271 sunt,
803 3205 1015 3259 muniti.
1087 3205 1199 3258 Sed
1241 3204 1297 3257 in
1338 3205 1536 3259 itinere
1581 3206 1771 3275 quinto
1813 3205 2051 3272 denique

336 3281 431 3336 die
473 3281 654 3336 Volux
694 3282 836 3335 filius
881 3280 1082 3334 Bocchi
1121 3283 1355 3349 repento
1396 3281 1451 3336 in
1490 3282 1693 3353 campis
1734 3280 2052 3351 patentibus

2032 3446 2112 3470 Δ-
2200 3460 2203 3469 .
