<?xml version="1.0" encoding="UTF-8"?>
<!DOCTYPE html PUBLIC "-//W3C//DTD XHTML 1.0 Transitional//EN"
    "http://www.w3.org/TR/xhtml1/DTD/xhtml1-transitional.dtd">
<html xmlns="http://www.w3.org/1999/xhtml" xml:lang="en" lang="en">
 <head>
  <title>
</title>
<meta http-equiv="Content-Type" content="text/html;charset=utf-8" />
  <meta name='ocr-system' content='tesseract 3.04.00' />
  <meta name='ocr-capabilities' content='ocr_page ocr_carea ocr_par ocr_line ocrx_word'/>
</head>
<body>
  <div class='ocr_page' id='page_1' title='image "./catilinaetjugur01sallgoog_0118.png"; bbox 0 0 2269 3561; ppageno 0'>
   <div class='ocr_carea' id='block_1_1' title="bbox 114 3406 190 3458">
    <p class='ocr_par' dir='ltr' id='par_1_1' title="bbox 114 3406 190 3458">
     <span class='ocr_line' id='line_1_1' title="bbox 114 3406 190 3458; baseline 0 0"><span class='ocrx_word' id='word_1_1' title='bbox 114 3406 190 3458; x_wconf 67' lang='lat' dir='ltr'>h.</span> 
     </span>
    </p>
   </div>
   <div class='ocr_carea' id='block_1_2' title="bbox 241 167 1448 259">
    <p class='ocr_par' dir='ltr' id='par_1_2' title="bbox 241 167 1448 259">
     <span class='ocr_line' id='line_1_2' title="bbox 241 167 1448 259; baseline -0.006 0"><span class='ocrx_word' id='word_1_2' title='bbox 241 210 337 259; x_wconf 85' lang='lat'>104</span> <span class='ocrx_word' id='word_1_3' title='bbox 735 208 791 256; x_wconf 81' lang='lat' dir='ltr'>O.</span> <span class='ocrx_word' id='word_1_4' title='bbox 829 167 1179 255; x_wconf 77' lang='lat' dir='ltr'>SALLUSTI</span> <span class='ocrx_word' id='word_1_5' title='bbox 1214 206 1448 254; x_wconf 87' lang='lat' dir='ltr'>CRISPI</span> 
     </span>
    </p>
   </div>
   <div class='ocr_carea' id='block_1_3' title="bbox 238 287 1955 3328">
    <p class='ocr_par' dir='ltr' id='par_1_3' title="bbox 238 287 1954 2034">
     <span class='ocr_line' id='line_1_3' title="bbox 239 287 1954 358; baseline -0.003 -12"><span class='ocrx_word' id='word_1_6' title='bbox 239 293 556 357; x_wconf 85' lang='lat' dir='ltr'>minumum,</span> <span class='ocrx_word' id='word_1_7' title='bbox 580 288 759 358; x_wconf 87' lang='lat' dir='ltr'>gratia</span> <span class='ocrx_word' id='word_1_8' title='bbox 781 304 883 358; x_wconf 87' lang='lat' dir='ltr'>par</span> <span class='ocrx_word' id='word_1_9' title='bbox 906 304 969 340; x_wconf 88' lang='lat' dir='ltr'>ac</span> <span class='ocrx_word' id='word_1_10' title='bbox 993 288 1051 339; x_wconf 72' lang='lat' dir='ltr'>si»</span> <span class='ocrx_word' id='word_1_11' title='bbox 1063 304 1236 356; x_wconf 90' lang='lat' dir='ltr'>prope</span> <span class='ocrx_word' id='word_1_12' title='bbox 1260 288 1606 353; x_wconf 86' lang='lat' dir='ltr'>adessemus3</span> <span class='ocrx_word' id='word_1_13' title='bbox 1644 287 1773 341; x_wconf 91' lang='lat' dir='ltr'>dein</span> <span class='ocrx_word' id='word_1_14' title='bbox 1799 287 1954 355; x_wconf 89' lang='lat' dir='ltr'>quod</span> 
     </span>
     <span class='ocr_line' id='line_1_4' title="bbox 239 364 1954 437; baseline -0.002 -15"><span class='ocrx_word' id='word_1_15' title='bbox 239 368 483 437; x_wconf 89' lang='lat' dir='ltr'>parentis</span> <span class='ocrx_word' id='word_1_16' title='bbox 508 365 724 420; x_wconf 81' lang='lat' dir='ltr'>abunde</span> <span class='ocrx_word' id='word_1_17' title='bbox 753 364 1031 428; x_wconf 86' lang='lat' dir='ltr'>habemus,</span> <span class='ocrx_word' id='word_1_18' title='bbox 1056 365 1351 417; x_wconf 90' lang='lat' dir='ltr'>amicorum</span> <span class='ocrx_word' id='word_1_19' title='bbox 1380 382 1559 434; x_wconf 89' lang='lat' dir='ltr'>neque</span> <span class='ocrx_word' id='word_1_20' title='bbox 1581 365 1740 418; x_wconf 88' lang='lat' dir='ltr'>nobis</span> <span class='ocrx_word' id='word_1_21' title='bbox 1768 381 1954 433; x_wconf 90' lang='lat' dir='ltr'>neque</span> 
     </span>
     <span class='ocr_line' id='line_1_5' title="bbox 240 440 1954 513; baseline -0.002 -16"><span class='ocrx_word' id='word_1_22' title='bbox 240 446 494 513; x_wconf 86' lang='lat' dir='ltr'>cuiquam</span> <span class='ocrx_word' id='word_1_23' title='bbox 523 441 761 495; x_wconf 89' lang='lat' dir='ltr'>omnium</span> <span class='ocrx_word' id='word_1_24' title='bbox 794 440 927 494; x_wconf 87' lang='lat' dir='ltr'>satis</span> <span class='ocrx_word' id='word_1_25' title='bbox 957 440 1072 493; x_wconf 85' lang='lat' dir='ltr'>fuit.</span> <span class='ocrx_word' id='word_1_26' title='bbox 1150 443 1339 509; x_wconf 90' lang='lat' dir='ltr'>Atque</span> <span class='ocrx_word' id='word_1_27' title='bbox 1371 440 1473 494; x_wconf 93' lang='lat' dir='ltr'>hoc</span> <span class='ocrx_word' id='word_1_28' title='bbox 1498 442 1706 495; x_wconf 89' lang='lat' dir='ltr'>utinam</span> <span class='ocrx_word' id='word_1_29' title='bbox 1741 458 1773 493; x_wconf 89' lang='lat' dir='ltr'>a</span> <span class='ocrx_word' id='word_1_30' title='bbox 1802 442 1954 509; x_wconf 88' lang='lat' dir='ltr'>prin·-</span> 
     </span>
     <span class='ocr_line' id='line_1_6' title="bbox 240 517 1952 590; baseline -0.001 -17"><span class='ocrx_word' id='word_1_31' title='bbox 240 521 379 590; x_wconf 87' lang='lat' dir='ltr'>cipio</span> <span class='ocrx_word' id='word_1_32' title='bbox 404 518 509 572; x_wconf 87' lang='lat' dir='ltr'>tibi</span> <span class='ocrx_word' id='word_1_33' title='bbox 535 518 851 586; x_wconf 78' lang='lat' dir='ltr'>placuisset:</span> <span class='ocrx_word' id='word_1_34' title='bbox 887 517 1133 585; x_wconf 81' lang='lat' dir='ltr'>profecto</span> <span class='ocrx_word' id='word_1_35' title='bbox 1160 534 1230 569; x_wconf 83' lang='lat' dir='ltr'>ex</span> <span class='ocrx_word' id='word_1_36' title='bbox 1253 517 1454 585; x_wconf 90' lang='lat' dir='ltr'>populo</span> <span class='ocrx_word' id='word_1_37' title='bbox 1482 518 1726 571; x_wconf 85' lang='lat' dir='ltr'>Romano</span> <span class='ocrx_word' id='word_1_38' title='bbox 1750 518 1821 570; x_wconf 88' lang='lat' dir='ltr'>ad</span> <span class='ocrx_word' id='word_1_39' title='bbox 1846 518 1952 571; x_wconf 89' lang='lat' dir='ltr'>hoc</span> 
     </span>
     <span class='ocr_line' id='line_1_7' title="bbox 239 593 1953 664; baseline -0.001 -16"><span class='ocrx_word' id='word_1_40' title='bbox 239 601 460 664; x_wconf 87' lang='lat' dir='ltr'>tempus</span> <span class='ocrx_word' id='word_1_41' title='bbox 501 594 674 647; x_wconf 90' lang='lat' dir='ltr'>multo</span> <span class='ocrx_word' id='word_1_42' title='bbox 715 594 875 662; x_wconf 88' lang='lat' dir='ltr'>plura</span> <span class='ocrx_word' id='word_1_43' title='bbox 915 593 1058 646; x_wconf 88' lang='lat' dir='ltr'>bona</span> <span class='ocrx_word' id='word_1_44' title='bbox 1099 593 1397 661; x_wconf 82' lang='lat' dir='ltr'>accepisses</span> <span class='ocrx_word' id='word_1_45' title='bbox 1439 610 1604 662; x_wconf 90' lang='lat' dir='ltr'>quam</span> <span class='ocrx_word' id='word_1_46' title='bbox 1646 593 1788 646; x_wconf 89' lang='lat' dir='ltr'>mala</span> <span class='ocrx_word' id='word_1_47' title='bbox 1829 610 1953 662; x_wconf 88' lang='lat' dir='ltr'>per-</span> 
     </span>
     <span class='ocr_line' id='line_1_8' title="bbox 242 670 1952 739; baseline 0.001 -17"><span class='ocrx_word' id='word_1_48' title='bbox 242 688 432 739; x_wconf 79' lang='lat' dir='ltr'>pessus</span> <span class='ocrx_word' id='word_1_49' title='bbox 475 688 546 724; x_wconf 85' lang='lat' dir='ltr'>cs.</span> <span class='ocrx_word' id='word_1_50' title='bbox 631 670 741 722; x_wconf 81' lang='lat' dir='ltr'>Sed</span> <span class='ocrx_word' id='word_1_51' title='bbox 784 670 1038 738; x_wconf 85' lang='lat' dir='ltr'>quoniam</span> <span class='ocrx_word' id='word_1_52' title='bbox 1077 670 1434 721; x_wconf 87' lang='lat' dir='ltr'>humanarum</span> <span class='ocrx_word' id='word_1_53' title='bbox 1476 686 1660 723; x_wconf 89' lang='lat' dir='ltr'>rerum</span> <span class='ocrx_word' id='word_1_54' title='bbox 1706 670 1952 723; x_wconf 76' lang='lat' dir='ltr'>Fortuna</span> 
     </span>
     <span class='ocr_line' id='line_1_9' title="bbox 241 745 1949 816; baseline 0 -19"><span class='ocrx_word' id='word_1_55' title='bbox 241 747 498 816; x_wconf 81' lang='lat' dir='ltr'>pleraque</span> <span class='ocrx_word' id='word_1_56' title='bbox 530 747 689 813; x_wconf 89' lang='lat' dir='ltr'>regit,</span> <span class='ocrx_word' id='word_1_57' title='bbox 720 747 804 798; x_wconf 90' lang='lat' dir='ltr'>cui</span> <span class='ocrx_word' id='word_1_58' title='bbox 841 745 1047 799; x_wconf 82' lang='lat' dir='ltr'>scilicet</span> <span class='ocrx_word' id='word_1_59' title='bbox 1078 745 1348 813; x_wconf 80' lang='lat' dir='ltr'>placuisse</span> <span class='ocrx_word' id='word_1_60' title='bbox 1388 749 1445 798; x_wconf 92' lang='lat' dir='ltr'>et</span> <span class='ocrx_word' id='word_1_61' title='bbox 1479 746 1583 798; x_wconf 88' lang='lat' dir='ltr'>vim</span> <span class='ocrx_word' id='word_1_62' title='bbox 1621 750 1681 799; x_wconf 89' lang='lat' dir='ltr'>et</span> <span class='ocrx_word' id='word_1_63' title='bbox 1713 746 1949 813; x_wconf 76' lang='lat' dir='ltr'>gratiam</span> 
     </span>
     <span class='ocr_line' id='line_1_10' title="bbox 239 819 1952 890; baseline 0.001 -16"><span class='ocrx_word' id='word_1_64' title='bbox 239 826 482 875; x_wconf 87' lang='lat' dir='ltr'>nostram</span> <span class='ocrx_word' id='word_1_65' title='bbox 514 827 575 876; x_wconf 91' lang='lat' dir='ltr'>te</span> <span class='ocrx_word' id='word_1_66' title='bbox 603 822 856 890; x_wconf 85' lang='lat' dir='ltr'>experiri,</span> <span class='ocrx_word' id='word_1_67' title='bbox 881 838 1039 887; x_wconf 89' lang='lat' dir='ltr'>nunc,</span> <span class='ocrx_word' id='word_1_68' title='bbox 1064 819 1284 888; x_wconf 89' lang='lat' dir='ltr'>quando</span> <span class='ocrx_word' id='word_1_69' title='bbox 1318 838 1417 890; x_wconf 90' lang='lat' dir='ltr'>per</span> <span class='ocrx_word' id='word_1_70' title='bbox 1447 822 1592 874; x_wconf 90' lang='lat' dir='ltr'>illam</span> <span class='ocrx_word' id='word_1_71' title='bbox 1624 822 1768 884; x_wconf 88' lang='lat' dir='ltr'>licet,</span> <span class='ocrx_word' id='word_1_72' title='bbox 1801 822 1952 875; x_wconf 87' lang='lat' dir='ltr'>festi-</span> 
     </span>
     <span class='ocr_line' id='line_1_11' title="bbox 239 897 1953 967; baseline 0.001 -17"><span class='ocrx_word' id='word_1_73' title='bbox 239 915 311 951; x_wconf 88' lang='lat' dir='ltr'>na</span> <span class='ocrx_word' id='word_1_74' title='bbox 352 903 521 967; x_wconf 88' lang='lat' dir='ltr'>atque</span> <span class='ocrx_word' id='word_1_75' title='bbox 561 900 643 951; x_wconf 91' lang='lat' dir='ltr'>uti</span> <span class='ocrx_word' id='word_1_76' title='bbox 685 897 911 966; x_wconf 87' lang='lat' dir='ltr'>coepisti</span> <span class='ocrx_word' id='word_1_77' title='bbox 952 914 1138 966; x_wconf 84' lang='lat' dir='ltr'>perge.</span> <span class='ocrx_word' id='word_1_78' title='bbox 1211 897 1390 951; x_wconf 90' lang='lat' dir='ltr'>Multa</span> <span class='ocrx_word' id='word_1_79' title='bbox 1432 902 1598 967; x_wconf 85' lang='lat' dir='ltr'>atque</span> <span class='ocrx_word' id='word_1_80' title='bbox 1641 903 1953 967; x_wconf 86' lang='lat' dir='ltr'>opportuna</span> 
     </span>
     <span class='ocr_line' id='line_1_12' title="bbox 239 974 1953 1042; baseline -0.001 -13"><span class='ocrx_word' id='word_1_81' title='bbox 239 974 425 1042; x_wconf 80' lang='lat' dir='ltr'>habeS,</span> <span class='ocrx_word' id='word_1_82' title='bbox 449 991 558 1042; x_wconf 90' lang='lat' dir='ltr'>quo</span> <span class='ocrx_word' id='word_1_83' title='bbox 583 974 792 1027; x_wconf 87' lang='lat' dir='ltr'>facilius</span> <span class='ocrx_word' id='word_1_84' title='bbox 817 978 1001 1028; x_wconf 88' lang='lat' dir='ltr'>errata</span> <span class='ocrx_word' id='word_1_85' title='bbox 1024 974 1214 1028; x_wconf 83' lang='lat' dir='ltr'>officiis</span> <span class='ocrx_word' id='word_1_86' title='bbox 1239 991 1474 1042; x_wconf 82' lang='lat' dir='ltr'>superes.</span> <span class='ocrx_word' id='word_1_87' title='bbox 1541 974 1826 1027; x_wconf 87' lang='lat' dir='ltr'>Postremo</span> <span class='ocrx_word' id='word_1_88' title='bbox 1852 975 1953 1028; x_wconf 90' lang='lat' dir='ltr'>hoc</span> 
     </span>
     <span class='ocr_line' id='line_1_13' title="bbox 238 1050 1951 1120; baseline -0.001 -16"><span class='ocrx_word' id='word_1_89' title='bbox 238 1053 294 1104; x_wconf 90' lang='lat' dir='ltr'>in</span> <span class='ocrx_word' id='word_1_90' title='bbox 327 1053 523 1120; x_wconf 89' lang='lat' dir='ltr'>pectus</span> <span class='ocrx_word' id='word_1_91' title='bbox 555 1054 711 1104; x_wconf 88' lang='lat' dir='ltr'>tuum</span> <span class='ocrx_word' id='word_1_92' title='bbox 745 1050 977 1104; x_wconf 78' lang='lat' dir='ltr'>demitte</span> <span class='ocrx_word' id='word_1_93' title='bbox 1014 1067 1307 1119; x_wconf 84' lang='lat' dir='ltr'>numquam</span> <span class='ocrx_word' id='word_1_94' title='bbox 1347 1051 1605 1120; x_wconf 88' lang='lat' dir='ltr'>populum</span> <span class='ocrx_word' id='word_1_95' title='bbox 1643 1052 1951 1104; x_wconf 88' lang='lat' dir='ltr'>Romanum</span> 
     </span>
     <span class='ocr_line' id='line_1_14' title="bbox 239 1127 1949 1195; baseline 0.001 -15"><span class='ocrx_word' id='word_1_96' title='bbox 239 1127 519 1181; x_wconf 88' lang='lat' dir='ltr'>beneficiis</span> <span class='ocrx_word' id='word_1_97' title='bbox 541 1127 744 1180; x_wconf 79' lang='lat' dir='ltr'>victum</span> <span class='ocrx_word' id='word_1_98' title='bbox 770 1143 918 1190; x_wconf 84' lang='lat' dir='ltr'>esse3</span> <span class='ocrx_word' id='word_1_99' title='bbox 955 1143 1077 1179; x_wconf 88' lang='lat' dir='ltr'>nam</span> <span class='ocrx_word' id='word_1_100' title='bbox 1112 1127 1257 1180; x_wconf 82' lang='lat' dir='ltr'>bello</span> <span class='ocrx_word' id='word_1_101' title='bbox 1283 1127 1415 1195; x_wconf 88' lang='lat' dir='ltr'>quid</span> <span class='ocrx_word' id='word_1_102' title='bbox 1440 1128 1620 1181; x_wconf 83' lang='lat' dir='ltr'>valeat</span> <span class='ocrx_word' id='word_1_103' title='bbox 1651 1131 1772 1181; x_wconf 91' lang='lat' dir='ltr'>tute</span> <span class='ocrx_word' id='word_1_104' title='bbox 1798 1128 1949 1181; x_wconf 52' lang='lat' dir='ltr'>scis?</span> 
     </span>
     <span class='ocr_line' id='line_1_15' title="bbox 244 1201 1952 1272; baseline 0.001 -17"><span class='ocrx_word' id='word_1_105' title='bbox 244 1203 336 1256; x_wconf 76' lang='lat' dir='ltr'>Ad</span> <span class='ocrx_word' id='word_1_106' title='bbox 378 1221 443 1257; x_wconf 89' lang='lat' dir='ltr'>ea</span> <span class='ocrx_word' id='word_1_107' title='bbox 487 1203 732 1256; x_wconf 89' lang='lat' dir='ltr'>Bocchus</span> <span class='ocrx_word' id='word_1_108' title='bbox 774 1201 986 1270; x_wconf 80' lang='lat' dir='ltr'>placide</span> <span class='ocrx_word' id='word_1_109' title='bbox 1029 1207 1087 1256; x_wconf 89' lang='lat' dir='ltr'>et</span> <span class='ocrx_word' id='word_1_110' title='bbox 1129 1204 1392 1270; x_wconf 90' lang='lat' dir='ltr'>benigne;</span> <span class='ocrx_word' id='word_1_111' title='bbox 1445 1204 1604 1256; x_wconf 88' lang='lat' dir='ltr'>simul</span> <span class='ocrx_word' id='word_1_112' title='bbox 1642 1221 1811 1272; x_wconf 88' lang='lat' dir='ltr'>pauca</span> <span class='ocrx_word' id='word_1_113' title='bbox 1850 1221 1952 1272; x_wconf 89' lang='lat' dir='ltr'>pro</span> 
     </span>
     <span class='ocr_line' id='line_1_16' title="bbox 240 1278 1952 1334; baseline 0.001 -3"><span class='ocrx_word' id='word_1_114' title='bbox 240 1279 441 1331; x_wconf 83' lang='lat' dir='ltr'>delicto</span> <span class='ocrx_word' id='word_1_115' title='bbox 483 1296 579 1331; x_wconf 91' lang='lat' dir='ltr'>suo</span> <span class='ocrx_word' id='word_1_116' title='bbox 617 1278 783 1331; x_wconf 87' lang='lat' dir='ltr'>verba</span> <span class='ocrx_word' id='word_1_117' title='bbox 814 1279 973 1333; x_wconf 88' lang='lat' dir='ltr'>facit:</span> <span class='ocrx_word' id='word_1_118' title='bbox 1011 1279 1040 1305; x_wconf 92' lang='lat'>“</span> <span class='ocrx_word' id='word_1_119' title='bbox 1059 1296 1118 1333; x_wconf 90' lang='lat' dir='ltr'>se</span> <span class='ocrx_word' id='word_1_120' title='bbox 1156 1297 1260 1332; x_wconf 85' lang='lat' dir='ltr'>non</span> <span class='ocrx_word' id='word_1_121' title='bbox 1302 1279 1484 1332; x_wconf 86' lang='lat' dir='ltr'>hostili</span> <span class='ocrx_word' id='word_1_122' title='bbox 1525 1280 1702 1333; x_wconf 90' lang='lat' dir='ltr'>animo</span> <span class='ocrx_word' id='word_1_123' title='bbox 1743 1281 1840 1333; x_wconf 89' lang='lat' dir='ltr'>sed</span> <span class='ocrx_word' id='word_1_124' title='bbox 1879 1281 1952 1334; x_wconf 94' lang='lat' dir='ltr'>ob</span> 
     </span>
     <span class='ocr_line' id='line_1_17' title="bbox 240 1356 1949 1425; baseline 0.002 -19"><span class='ocrx_word' id='word_1_125' title='bbox 240 1372 469 1422; x_wconf 87' lang='lat' dir='ltr'>regnum</span> <span class='ocrx_word' id='word_1_126' title='bbox 495 1356 788 1407; x_wconf 84' lang='lat' dir='ltr'>tutandum</span> <span class='ocrx_word' id='word_1_127' title='bbox 824 1373 975 1408; x_wconf 88' lang='lat' dir='ltr'>arma</span> <span class='ocrx_word' id='word_1_128' title='bbox 999 1356 1222 1423; x_wconf 82' lang='lat' dir='ltr'>cepisse,</span> <span class='ocrx_word' id='word_1_129' title='bbox 1247 1373 1372 1408; x_wconf 85' lang='lat' dir='ltr'>nam</span> <span class='ocrx_word' id='word_1_130' title='bbox 1403 1356 1693 1409; x_wconf 84' lang='lat' dir='ltr'>Numidiae</span> <span class='ocrx_word' id='word_1_131' title='bbox 1717 1360 1949 1425; x_wconf 86' lang='lat' dir='ltr'>partem,</span> 
     </span>
     <span class='ocr_line' id='line_1_18' title="bbox 240 1431 1951 1502; baseline 0.002 -20"><span class='ocrx_word' id='word_1_132' title='bbox 240 1432 386 1485; x_wconf 88' lang='lat' dir='ltr'>unde</span> <span class='ocrx_word' id='word_1_133' title='bbox 418 1432 471 1484; x_wconf 87' lang='lat' dir='ltr'>vi</span> <span class='ocrx_word' id='word_1_134' title='bbox 507 1433 542 1484; x_wconf 86' lang='lat' dir='ltr'>J</span> <span class='ocrx_word' id='word_1_135' title='bbox 549 1431 843 1499; x_wconf 87' lang='lat' dir='ltr'>ugurtham</span> <span class='ocrx_word' id='word_1_136' title='bbox 880 1434 1168 1502; x_wconf 74' lang='lat' dir='ltr'>expulerit,</span> <span class='ocrx_word' id='word_1_137' title='bbox 1199 1431 1328 1499; x_wconf 88' lang='lat' dir='ltr'>jure</span> <span class='ocrx_word' id='word_1_138' title='bbox 1363 1432 1493 1486; x_wconf 87' lang='lat' dir='ltr'>belli</span> <span class='ocrx_word' id='word_1_139' title='bbox 1530 1450 1681 1485; x_wconf 89' lang='lat' dir='ltr'>suam</span> <span class='ocrx_word' id='word_1_140' title='bbox 1716 1435 1951 1498; x_wconf 85' lang='lat' dir='ltr'>factam3</span> 
     </span>
     <span class='ocr_line' id='line_1_19' title="bbox 240 1506 1951 1577; baseline 0.003 -18"><span class='ocrx_word' id='word_1_141' title='bbox 240 1524 360 1560; x_wconf 90' lang='lat' dir='ltr'>cam</span> <span class='ocrx_word' id='word_1_142' title='bbox 398 1510 601 1562; x_wconf 87' lang='lat' dir='ltr'>vastari</span> <span class='ocrx_word' id='word_1_143' title='bbox 635 1506 668 1561; x_wconf 83' lang='lat' dir='ltr'>a</span> <span class='ocrx_word' id='word_1_144' title='bbox 705 1509 878 1561; x_wconf 87' lang='lat' dir='ltr'>Mario</span> <span class='ocrx_word' id='word_1_145' title='bbox 913 1510 1029 1577; x_wconf 79' lang='lat' dir='ltr'>pati</span> <span class='ocrx_word' id='word_1_146' title='bbox 1065 1509 1400 1575; x_wconf 82' lang='lat' dir='ltr'>nequivisse3</span> <span class='ocrx_word' id='word_1_147' title='bbox 1450 1514 1735 1577; x_wconf 84' lang='lat' dir='ltr'>praeterea</span> <span class='ocrx_word' id='word_1_148' title='bbox 1770 1509 1951 1564; x_wconf 88' lang='lat' dir='ltr'>missis</span> 
     </span>
     <span class='ocr_line' id='line_1_20' title="bbox 240 1584 1949 1652; baseline 0.002 -16"><span class='ocrx_word' id='word_1_149' title='bbox 240 1587 402 1637; x_wconf 87' lang='lat' dir='ltr'>antea</span> <span class='ocrx_word' id='word_1_150' title='bbox 446 1585 673 1637; x_wconf 84' lang='lat' dir='ltr'>Romam</span> <span class='ocrx_word' id='word_1_151' title='bbox 718 1585 914 1652; x_wconf 87' lang='lat' dir='ltr'>legatis</span> <span class='ocrx_word' id='word_1_152' title='bbox 955 1585 1233 1652; x_wconf 89' lang='lat' dir='ltr'>repulsum</span> <span class='ocrx_word' id='word_1_153' title='bbox 1274 1584 1343 1637; x_wconf 91' lang='lat' dir='ltr'>ab</span> <span class='ocrx_word' id='word_1_154' title='bbox 1382 1585 1651 1640; x_wconf 85' lang='lat' dir='ltr'>amicitia:</span> <span class='ocrx_word' id='word_1_155' title='bbox 1704 1589 1949 1639; x_wconf 87' lang='lat' dir='ltr'>ceterum</span> 
     </span>
     <span class='ocr_line' id='line_1_21' title="bbox 240 1661 1949 1729; baseline 0.002 -18"><span class='ocrx_word' id='word_1_156' title='bbox 240 1664 428 1714; x_wconf 83' lang='lat' dir='ltr'>vetera</span> <span class='ocrx_word' id='word_1_157' title='bbox 460 1662 729 1725; x_wconf 87' lang='lat' dir='ltr'>omittere,</span> <span class='ocrx_word' id='word_1_158' title='bbox 756 1678 817 1713; x_wconf 88' lang='lat' dir='ltr'>ac</span> <span class='ocrx_word' id='word_1_159' title='bbox 848 1666 981 1727; x_wconf 91' lang='lat' dir='ltr'>tum,</span> <span class='ocrx_word' id='word_1_160' title='bbox 1014 1662 1059 1714; x_wconf 90' lang='lat' dir='ltr'>si</span> <span class='ocrx_word' id='word_1_161' title='bbox 1093 1678 1193 1729; x_wconf 89' lang='lat' dir='ltr'>per</span> <span class='ocrx_word' id='word_1_162' title='bbox 1231 1661 1468 1714; x_wconf 88' lang='lat' dir='ltr'>Marium</span> <span class='ocrx_word' id='word_1_163' title='bbox 1502 1662 1710 1728; x_wconf 87' lang='lat' dir='ltr'>liceret,</span> <span class='ocrx_word' id='word_1_164' title='bbox 1739 1662 1949 1729; x_wconf 89' lang='lat' dir='ltr'>legatos</span> 
     </span>
     <span class='ocr_line' id='line_1_22' title="bbox 241 1736 1949 1807; baseline 0.002 -18"><span class='ocrx_word' id='word_1_165' title='bbox 241 1736 312 1789; x_wconf 87' lang='lat' dir='ltr'>ad</span> <span class='ocrx_word' id='word_1_166' title='bbox 346 1740 594 1791; x_wconf 88' lang='lat' dir='ltr'>senatum</span> <span class='ocrx_word' id='word_1_167' title='bbox 628 1738 960 1790; x_wconf 88' lang='lat' dir='ltr'>missurum.&#39;&#39;</span> <span class='ocrx_word' id='word_1_168' title='bbox 1035 1736 1178 1792; x_wconf 88' lang='lat' dir='ltr'>Dein</span> <span class='ocrx_word' id='word_1_169' title='bbox 1212 1737 1545 1807; x_wconf 85' lang='lat' dir='ltr'>copia-facta</span> <span class='ocrx_word' id='word_1_170' title='bbox 1581 1739 1791 1792; x_wconf 87' lang='lat' dir='ltr'>animus</span> <span class='ocrx_word' id='word_1_171' title='bbox 1826 1738 1949 1792; x_wconf 85' lang='lat' dir='ltr'>bar-</span> 
     </span>
     <span class='ocr_line' id='line_1_23' title="bbox 240 1812 1950 1883; baseline 0.002 -18"><span class='ocrx_word' id='word_1_172' title='bbox 240 1812 359 1866; x_wconf 91' lang='lat' dir='ltr'>bari</span> <span class='ocrx_word' id='word_1_173' title='bbox 392 1814 460 1867; x_wconf 90' lang='lat' dir='ltr'>ab</span> <span class='ocrx_word' id='word_1_174' title='bbox 494 1814 682 1867; x_wconf 90' lang='lat' dir='ltr'>amicis</span> <span class='ocrx_word' id='word_1_175' title='bbox 719 1813 906 1881; x_wconf 76' lang='lat' dir='ltr'>flexuS,</span> <span class='ocrx_word' id='word_1_176' title='bbox 942 1831 1077 1883; x_wconf 90' lang='lat' dir='ltr'>quos</span> <span class='ocrx_word' id='word_1_177' title='bbox 1109 1815 1148 1866; x_wconf 85' lang='lat' dir='ltr'><strong>J</strong></span> <span class='ocrx_word' id='word_1_178' title='bbox 1152 1814 1390 1882; x_wconf 87' lang='lat' dir='ltr'>ugurtha</span> <span class='ocrx_word' id='word_1_179' title='bbox 1426 1815 1642 1882; x_wconf 83' lang='lat' dir='ltr'>cognita</span> <span class='ocrx_word' id='word_1_180' title='bbox 1678 1815 1950 1883; x_wconf 82' lang='lat' dir='ltr'>legatione</span> 
     </span>
     <span class='ocr_line' id='line_1_24' title="bbox 243 1889 1950 1960; baseline 0.001 -17"><span class='ocrx_word' id='word_1_181' title='bbox 243 1890 422 1943; x_wconf 82' lang='lat' dir='ltr'>Sullae</span> <span class='ocrx_word' id='word_1_182' title='bbox 452 1895 508 1943; x_wconf 92' lang='lat' dir='ltr'>et</span> <span class='ocrx_word' id='word_1_183' title='bbox 543 1889 727 1944; x_wconf 86' lang='lat' dir='ltr'>Manli.</span> <span class='ocrx_word' id='word_1_184' title='bbox 754 1896 1003 1944; x_wconf 84' lang='lat' dir='ltr'>metuens</span> <span class='ocrx_word' id='word_1_185' title='bbox 1036 1891 1093 1943; x_wconf 89' lang='lat' dir='ltr'>id</span> <span class='ocrx_word' id='word_1_186' title='bbox 1129 1891 1274 1959; x_wconf 86' lang='lat' dir='ltr'>quod</span> <span class='ocrx_word' id='word_1_187' title='bbox 1309 1890 1622 1960; x_wconf 87' lang='lat' dir='ltr'>parabatur,</span> <span class='ocrx_word' id='word_1_188' title='bbox 1650 1891 1806 1944; x_wconf 89' lang='lat' dir='ltr'>donis</span> <span class='ocrx_word' id='word_1_189' title='bbox 1835 1908 1950 1945; x_wconf 83' lang='lat' dir='ltr'>cor-</span> 
     </span>
     <span class='ocr_line' id='line_1_25' title="bbox 241 1971 481 2034; baseline 0 -17"><span class='ocrx_word' id='word_1_190' title='bbox 241 1971 481 2034; x_wconf 77' lang='lat' dir='ltr'>ruperat.</span> 
     </span>
    </p>

    <p class='ocr_par' dir='ltr' id='par_1_4' title="bbox 238 2041 1955 3328">
     <span class='ocr_line' id='line_1_26' title="bbox 350 2041 1949 2098; baseline 0.003 -4"><span class='ocrx_word' id='word_1_191' title='bbox 350 2049 460 2096; x_wconf 80' lang='lat'>103.</span> <span class='ocrx_word' id='word_1_192' title='bbox 536 2042 744 2095; x_wconf 90' lang='lat' dir='ltr'>Marius</span> <span class='ocrx_word' id='word_1_193' title='bbox 781 2041 991 2094; x_wconf 86' lang='lat' dir='ltr'>interea</span> <span class='ocrx_word' id='word_1_194' title='bbox 1025 2043 1270 2095; x_wconf 88' lang='lat' dir='ltr'>exercitu</span> <span class='ocrx_word' id='word_1_195' title='bbox 1310 2043 1365 2094; x_wconf 88' lang='lat' dir='ltr'>in</span> <span class='ocrx_word' id='word_1_196' title='bbox 1406 2043 1767 2097; x_wconf 72' lang='lat' dir='ltr'>hibernaculis</span> <span class='ocrx_word' id='word_1_197' title='bbox 1807 2061 1949 2098; x_wconf 89' lang='lat' dir='ltr'>com-</span> 
     </span>
     <span class='ocr_line' id='line_1_27' title="bbox 238 2117 1949 2190; baseline 0.002 -20"><span class='ocrx_word' id='word_1_198' title='bbox 238 2119 417 2186; x_wconf 89' lang='lat' dir='ltr'>posito</span> <span class='ocrx_word' id='word_1_199' title='bbox 449 2135 572 2171; x_wconf 89' lang='lat' dir='ltr'>cum</span> <span class='ocrx_word' id='word_1_200' title='bbox 603 2117 877 2185; x_wconf 85' lang='lat' dir='ltr'>expeditis</span> <span class='ocrx_word' id='word_1_201' title='bbox 901 2118 1217 2171; x_wconf 88' lang='lat' dir='ltr'>cohortibus</span> <span class='ocrx_word' id='word_1_202' title='bbox 1247 2123 1304 2172; x_wconf 92' lang='lat' dir='ltr'>et</span> <span class='ocrx_word' id='word_1_203' title='bbox 1336 2123 1496 2187; x_wconf 86' lang='lat' dir='ltr'>parte</span> <span class='ocrx_word' id='word_1_204' title='bbox 1522 2122 1799 2188; x_wconf 82' lang='lat' dir='ltr'>equitatus</span> <span class='ocrx_word' id='word_1_205' title='bbox 1823 2139 1949 2190; x_wconf 90' lang='lat' dir='ltr'>pro-</span> 
     </span>
     <span class='ocr_line' id='line_1_28' title="bbox 241 2194 1951 2265; baseline 0.002 -18"><span class='ocrx_word' id='word_1_206' title='bbox 241 2195 502 2248; x_wconf 89' lang='lat' dir='ltr'>ficiscitur</span> <span class='ocrx_word' id='word_1_207' title='bbox 534 2195 590 2247; x_wconf 90' lang='lat' dir='ltr'>in</span> <span class='ocrx_word' id='word_1_208' title='bbox 623 2194 741 2247; x_wconf 89' lang='lat' dir='ltr'>loca</span> <span class='ocrx_word' id='word_1_209' title='bbox 774 2195 886 2247; x_wconf 86' lang='lat' dir='ltr'>sola</span> <span class='ocrx_word' id='word_1_210' title='bbox 918 2194 1199 2248; x_wconf 87' lang='lat' dir='ltr'>obsessum</span> <span class='ocrx_word' id='word_1_211' title='bbox 1229 2196 1425 2248; x_wconf 90' lang='lat' dir='ltr'>turrim</span> <span class='ocrx_word' id='word_1_212' title='bbox 1460 2197 1682 2264; x_wconf 84' lang='lat' dir='ltr'>regiam,</span> <span class='ocrx_word' id='word_1_213' title='bbox 1710 2214 1819 2265; x_wconf 91' lang='lat' dir='ltr'>quo</span> <span class='ocrx_word' id='word_1_214' title='bbox 1850 2198 1886 2250; x_wconf 85' lang='lat' dir='ltr'><strong>J</strong></span> <span class='ocrx_word' id='word_1_215' title='bbox 1889 2215 1951 2250; x_wconf 91' lang='lat' dir='ltr'>u-</span> 
     </span>
     <span class='ocr_line' id='line_1_29' title="bbox 239 2268 1949 2341; baseline 0.002 -18"><span class='ocrx_word' id='word_1_216' title='bbox 239 2271 439 2339; x_wconf 90' lang='lat' dir='ltr'>gurtha</span> <span class='ocrx_word' id='word_1_217' title='bbox 480 2271 736 2339; x_wconf 86' lang='lat' dir='ltr'>perfugas</span> <span class='ocrx_word' id='word_1_218' title='bbox 778 2272 949 2323; x_wconf 87' lang='lat' dir='ltr'>omnis</span> <span class='ocrx_word' id='word_1_219' title='bbox 996 2268 1331 2338; x_wconf 84' lang='lat' dir='ltr'>praesidium</span> <span class='ocrx_word' id='word_1_220' title='bbox 1374 2273 1721 2341; x_wconf 85' lang='lat' dir='ltr'>imposuerat.</span> <span class='ocrx_word' id='word_1_221' title='bbox 1812 2274 1949 2327; x_wconf 86' lang='lat' dir='ltr'>Tum</span> 
     </span>
     <span class='ocr_line' id='line_1_30' title="bbox 241 2347 1951 2417; baseline 0.001 -17"><span class='ocrx_word' id='word_1_222' title='bbox 241 2365 429 2401; x_wconf 88' lang='lat' dir='ltr'>rursus</span> <span class='ocrx_word' id='word_1_223' title='bbox 456 2348 715 2410; x_wconf 66' lang='lat' dir='ltr'>Bocchm,</span> <span class='ocrx_word' id='word_1_224' title='bbox 744 2364 838 2399; x_wconf 89' lang='lat' dir='ltr'>seu</span> <span class='ocrx_word' id='word_1_225' title='bbox 865 2347 1169 2415; x_wconf 86' lang='lat' dir='ltr'>reputando</span> <span class='ocrx_word' id='word_1_226' title='bbox 1195 2366 1336 2416; x_wconf 89' lang='lat' dir='ltr'>quae</span> <span class='ocrx_word' id='word_1_227' title='bbox 1363 2349 1466 2402; x_wconf 86' lang='lat' dir='ltr'>sibi</span> <span class='ocrx_word' id='word_1_228' title='bbox 1494 2348 1705 2401; x_wconf 89' lang='lat' dir='ltr'>duobus</span> <span class='ocrx_word' id='word_1_229' title='bbox 1730 2350 1951 2417; x_wconf 80' lang='lat' dir='ltr'>proeliis</span> 
     </span>
     <span class='ocr_line' id='line_1_31' title="bbox 240 2423 1950 2494; baseline 0.001 -18"><span class='ocrx_word' id='word_1_230' title='bbox 240 2428 517 2488; x_wconf 78' lang='lat' dir='ltr'>venerant,</span> <span class='ocrx_word' id='word_1_231' title='bbox 552 2441 649 2476; x_wconf 90' lang='lat' dir='ltr'>seu</span> <span class='ocrx_word' id='word_1_232' title='bbox 678 2423 987 2475; x_wconf 87' lang='lat' dir='ltr'>admonitus</span> <span class='ocrx_word' id='word_1_233' title='bbox 1020 2423 1087 2476; x_wconf 91' lang='lat' dir='ltr'>ab</span> <span class='ocrx_word' id='word_1_234' title='bbox 1120 2424 1240 2477; x_wconf 87' lang='lat' dir='ltr'>aliis</span> <span class='ocrx_word' id='word_1_235' title='bbox 1274 2425 1476 2490; x_wconf 78' lang='lat' dir='ltr'>amiciS,</span> <span class='ocrx_word' id='word_1_236' title='bbox 1503 2441 1637 2493; x_wconf 92' lang='lat' dir='ltr'>quos</span> <span class='ocrx_word' id='word_1_237' title='bbox 1671 2426 1950 2494; x_wconf 85' lang='lat' dir='ltr'>incorrup—</span> 
     </span>
     <span class='ocr_line' id='line_1_32' title="bbox 241 2499 1949 2571; baseline 0.001 -18"><span class='ocrx_word' id='word_1_238' title='bbox 241 2506 327 2554; x_wconf 87' lang='lat' dir='ltr'>tos</span> <span class='ocrx_word' id='word_1_239' title='bbox 365 2501 402 2553; x_wconf 85' lang='lat' dir='ltr'>J</span> <span class='ocrx_word' id='word_1_240' title='bbox 408 2500 643 2568; x_wconf 85' lang='lat' dir='ltr'>ugurtha</span> <span class='ocrx_word' id='word_1_241' title='bbox 680 2499 994 2567; x_wconf 82' lang='lat' dir='ltr'>reliquerat,</span> <span class='ocrx_word' id='word_1_242' title='bbox 1037 2517 1105 2553; x_wconf 79' lang='lat' dir='ltr'>ex</span> <span class='ocrx_word' id='word_1_243' title='bbox 1145 2501 1291 2554; x_wconf 90' lang='lat' dir='ltr'>omni</span> <span class='ocrx_word' id='word_1_244' title='bbox 1327 2503 1482 2571; x_wconf 88' lang='lat' dir='ltr'>copia</span> <span class='ocrx_word' id='word_1_245' title='bbox 1522 2502 1949 2555; x_wconf 78' lang='lat' dir='ltr'>necessariorum</span> 
     </span>
     <span class='ocr_line' id='line_1_33' title="bbox 241 2576 1952 2647; baseline 0.001 -18"><span class='ocrx_word' id='word_1_246' title='bbox 241 2577 482 2645; x_wconf 89' lang='lat' dir='ltr'>quinque</span> <span class='ocrx_word' id='word_1_247' title='bbox 531 2576 752 2644; x_wconf 89' lang='lat' dir='ltr'>delegit,</span> <span class='ocrx_word' id='word_1_248' title='bbox 797 2593 1028 2646; x_wconf 87' lang='lat' dir='ltr'>quorum</span> <span class='ocrx_word' id='word_1_249' title='bbox 1072 2582 1129 2631; x_wconf 90' lang='lat' dir='ltr'>et</span> <span class='ocrx_word' id='word_1_250' title='bbox 1178 2578 1314 2632; x_wconf 89' lang='lat' dir='ltr'>fides</span> <span class='ocrx_word' id='word_1_251' title='bbox 1363 2580 1581 2647; x_wconf 89' lang='lat' dir='ltr'>cognita</span> <span class='ocrx_word' id='word_1_252' title='bbox 1629 2583 1687 2631; x_wconf 89' lang='lat' dir='ltr'>et</span> <span class='ocrx_word' id='word_1_253' title='bbox 1735 2579 1952 2646; x_wconf 85' lang='lat' dir='ltr'>ingenia</span> 
     </span>
     <span class='ocr_line' id='line_1_34' title="bbox 241 2654 1951 2724; baseline 0.002 -20"><span class='ocrx_word' id='word_1_254' title='bbox 241 2654 590 2707; x_wconf 81' lang='lat' dir='ltr'>validissuma</span> <span class='ocrx_word' id='word_1_255' title='bbox 623 2657 793 2707; x_wconf 90' lang='lat' dir='ltr'>erant.</span> <span class='ocrx_word' id='word_1_256' title='bbox 869 2654 976 2708; x_wconf 86' lang='lat' dir='ltr'>Eos</span> <span class='ocrx_word' id='word_1_257' title='bbox 1002 2655 1072 2707; x_wconf 90' lang='lat' dir='ltr'>ad</span> <span class='ocrx_word' id='word_1_258' title='bbox 1102 2656 1356 2721; x_wconf 81' lang='lat' dir='ltr'>Marium,</span> <span class='ocrx_word' id='word_1_259' title='bbox 1381 2673 1444 2709; x_wconf 87' lang='lat' dir='ltr'>ac</span> <span class='ocrx_word' id='word_1_260' title='bbox 1470 2657 1613 2723; x_wconf 92' lang='lat' dir='ltr'>dein,</span> <span class='ocrx_word' id='word_1_261' title='bbox 1644 2656 1687 2709; x_wconf 88' lang='lat' dir='ltr'>si</span> <span class='ocrx_word' id='word_1_262' title='bbox 1719 2656 1951 2724; x_wconf 87' lang='lat' dir='ltr'>placeat,</span> 
     </span>
     <span class='ocr_line' id='line_1_35' title="bbox 243 2730 1952 2800; baseline 0.002 -19"><span class='ocrx_word' id='word_1_263' title='bbox 243 2730 472 2783; x_wconf 85' lang='lat' dir='ltr'>Romam</span> <span class='ocrx_word' id='word_1_264' title='bbox 511 2730 723 2796; x_wconf 78' lang='lat' dir='ltr'>legatos</span> <span class='ocrx_word' id='word_1_265' title='bbox 761 2730 841 2783; x_wconf 90' lang='lat' dir='ltr'>ire</span> <span class='ocrx_word' id='word_1_266' title='bbox 872 2730 1065 2798; x_wconf 85' lang='lat' dir='ltr'>jubet3</span> <span class='ocrx_word' id='word_1_267' title='bbox 1117 2732 1450 2798; x_wconf 82' lang='lat' dir='ltr'>agendarum</span> <span class='ocrx_word' id='word_1_268' title='bbox 1496 2749 1678 2785; x_wconf 85' lang='lat' dir='ltr'>rerum</span> <span class='ocrx_word' id='word_1_269' title='bbox 1720 2736 1778 2785; x_wconf 91' lang='lat' dir='ltr'>et</span> <span class='ocrx_word' id='word_1_270' title='bbox 1820 2750 1952 2800; x_wconf 85' lang='lat' dir='ltr'>quo-</span> 
     </span>
     <span class='ocr_line' id='line_1_36' title="bbox 241 2806 1948 2878; baseline 0.002 -20"><span class='ocrx_word' id='word_1_271' title='bbox 241 2822 475 2874; x_wconf 85' lang='lat' dir='ltr'>cumque</span> <span class='ocrx_word' id='word_1_272' title='bbox 493 2806 655 2858; x_wconf 83' lang='lat' dir='ltr'>modo</span> <span class='ocrx_word' id='word_1_273' title='bbox 673 2807 802 2859; x_wconf 90' lang='lat' dir='ltr'>belli</span> <span class='ocrx_word' id='word_1_274' title='bbox 822 2807 1178 2874; x_wconf 87' lang='lat' dir='ltr'>componendi</span> <span class='ocrx_word' id='word_1_275' title='bbox 1205 2808 1478 2860; x_wconf 83' lang='lat' dir='ltr'>licentiam</span> <span class='ocrx_word' id='word_1_276' title='bbox 1506 2808 1636 2877; x_wconf 87' lang='lat' dir='ltr'>ipsis</span> <span class='ocrx_word' id='word_1_277' title='bbox 1656 2810 1948 2878; x_wconf 64' lang='lat' dir='ltr'>permfttit.</span> 
     </span>
     <span class='ocr_line' id='line_1_37' title="bbox 244 2882 1953 2951; baseline 0.002 -17"><span class='ocrx_word' id='word_1_278' title='bbox 244 2882 334 2935; x_wconf 91' lang='lat' dir='ltr'>Illi</span> <span class='ocrx_word' id='word_1_279' title='bbox 360 2885 575 2935; x_wconf 88' lang='lat' dir='ltr'>mature</span> <span class='ocrx_word' id='word_1_280' title='bbox 601 2882 674 2935; x_wconf 77' lang='lat' dir='ltr'>ad</span> <span class='ocrx_word' id='word_1_281' title='bbox 706 2883 932 2935; x_wconf 76' lang='lat' dir='ltr'>hiberna</span> <span class='ocrx_word' id='word_1_282' title='bbox 964 2883 1329 2936; x_wconf 85' lang='lat' dir='ltr'>Romanorum</span> <span class='ocrx_word' id='word_1_283' title='bbox 1362 2884 1795 2951; x_wconf 86' lang='lat' dir='ltr'>proficiscuntur,</span> <span class='ocrx_word' id='word_1_284' title='bbox 1824 2884 1953 2938; x_wconf 89' lang='lat' dir='ltr'>dein</span> 
     </span>
     <span class='ocr_line' id='line_1_38' title="bbox 241 2959 1953 3029; baseline 0.002 -19"><span class='ocrx_word' id='word_1_285' title='bbox 241 2959 296 3010; x_wconf 89' lang='lat' dir='ltr'>in</span> <span class='ocrx_word' id='word_1_286' title='bbox 329 2959 526 3012; x_wconf 89' lang='lat' dir='ltr'>itinere</span> <span class='ocrx_word' id='word_1_287' title='bbox 559 2975 591 3010; x_wconf 90' lang='lat' dir='ltr'>a</span> <span class='ocrx_word' id='word_1_288' title='bbox 620 2959 866 3011; x_wconf 80' lang='lat' dir='ltr'>Gaetulis</span> <span class='ocrx_word' id='word_1_289' title='bbox 898 2959 1203 3012; x_wconf 86' lang='lat' dir='ltr'>latronibus</span> <span class='ocrx_word' id='word_1_290' title='bbox 1236 2961 1592 3014; x_wconf 67' lang='lat' dir='ltr'>circumventi</span> <span class='ocrx_word' id='word_1_291' title='bbox 1628 2961 1953 3029; x_wconf 89' lang='lat' dir='ltr'>spoliatique</span> 
     </span>
     <span class='ocr_line' id='line_1_39' title="bbox 242 3032 1952 3104; baseline 0.002 -19"><span class='ocrx_word' id='word_1_292' title='bbox 242 3032 425 3100; x_wconf 86' lang='lat' dir='ltr'>pavidi</span> <span class='ocrx_word' id='word_1_293' title='bbox 466 3033 580 3085; x_wconf 89' lang='lat' dir='ltr'>sine</span> <span class='ocrx_word' id='word_1_294' title='bbox 619 3034 814 3086; x_wconf 85' lang='lat' dir='ltr'>decore</span> <span class='ocrx_word' id='word_1_295' title='bbox 852 3034 922 3086; x_wconf 91' lang='lat' dir='ltr'>ad</span> <span class='ocrx_word' id='word_1_296' title='bbox 961 3035 1163 3088; x_wconf 82' lang='lat' dir='ltr'>Sullam</span> <span class='ocrx_word' id='word_1_297' title='bbox 1202 3036 1532 3103; x_wconf 85' lang='lat' dir='ltr'>profugiunt,</span> <span class='ocrx_word' id='word_1_298' title='bbox 1568 3053 1730 3104; x_wconf 92' lang='lat' dir='ltr'>quem</span> <span class='ocrx_word' id='word_1_299' title='bbox 1764 3037 1952 3090; x_wconf 89' lang='lat' dir='ltr'>consul</span> 
     </span>
     <span class='ocr_line' id='line_1_40' title="bbox 244 3107 1952 3180; baseline 0.005 -23"><span class='ocrx_word' id='word_1_300' title='bbox 244 3107 300 3158; x_wconf 89' lang='lat' dir='ltr'>in</span> <span class='ocrx_word' id='word_1_301' title='bbox 348 3108 748 3174; x_wconf 87' lang='lat' dir='ltr'>expeditionem</span> <span class='ocrx_word' id='word_1_302' title='bbox 798 3110 1143 3177; x_wconf 88' lang='lat' dir='ltr'>proficiscens</span> <span class='ocrx_word' id='word_1_303' title='bbox 1190 3128 1290 3178; x_wconf 88' lang='lat' dir='ltr'>pro</span> <span class='ocrx_word' id='word_1_304' title='bbox 1337 3115 1592 3180; x_wconf 89' lang='lat' dir='ltr'>praetore</span> <span class='ocrx_word' id='word_1_305' title='bbox 1640 3112 1952 3180; x_wconf 85' lang='lat' dir='ltr'>reliquerat.</span> 
     </span>
     <span class='ocr_line' id='line_1_41' title="bbox 247 3180 1954 3252; baseline 0.006 -21"><span class='ocrx_word' id='word_1_306' title='bbox 247 3182 355 3232; x_wconf 68' lang='lat' dir='ltr'>Flos</span> <span class='ocrx_word' id='word_1_307' title='bbox 393 3180 484 3231; x_wconf 91' lang='lat' dir='ltr'>ille</span> <span class='ocrx_word' id='word_1_308' title='bbox 521 3197 626 3232; x_wconf 88' lang='lat' dir='ltr'>non</span> <span class='ocrx_word' id='word_1_309' title='bbox 666 3199 763 3249; x_wconf 90' lang='lat' dir='ltr'>pro</span> <span class='ocrx_word' id='word_1_310' title='bbox 804 3185 953 3236; x_wconf 84' lang='lat' dir='ltr'>vanis</span> <span class='ocrx_word' id='word_1_311' title='bbox 992 3185 1257 3250; x_wconf 78' lang='lat' dir='ltr'>hostibuS,</span> <span class='ocrx_word' id='word_1_312' title='bbox 1295 3188 1374 3239; x_wconf 89' lang='lat' dir='ltr'>uti</span> <span class='ocrx_word' id='word_1_313' title='bbox 1416 3188 1598 3240; x_wconf 88' lang='lat' dir='ltr'>meriti</span> <span class='ocrx_word' id='word_1_314' title='bbox 1642 3191 1814 3252; x_wconf 87' lang='lat' dir='ltr'>erant,</span> <span class='ocrx_word' id='word_1_315' title='bbox 1855 3189 1954 3241; x_wconf 88' lang='lat' dir='ltr'>sed</span> 
     </span>
     <span class='ocr_line' id='line_1_42' title="bbox 246 3255 1955 3328; baseline 0.008 -23"><span class='ocrx_word' id='word_1_316' title='bbox 246 3258 498 3306; x_wconf 80' lang='lat' dir='ltr'>accurate</span> <span class='ocrx_word' id='word_1_317' title='bbox 531 3270 593 3306; x_wconf 88' lang='lat' dir='ltr'>ac</span> <span class='ocrx_word' id='word_1_318' title='bbox 623 3255 926 3310; x_wconf 88' lang='lat' dir='ltr'>liberaliter</span> <span class='ocrx_word' id='word_1_319' title='bbox 949 3258 1170 3324; x_wconf 90' lang='lat' dir='ltr'>habuit;</span> <span class='ocrx_word' id='word_1_320' title='bbox 1206 3278 1314 3328; x_wconf 87' lang='lat' dir='ltr'>qua</span> <span class='ocrx_word' id='word_1_321' title='bbox 1338 3279 1398 3315; x_wconf 89' lang='lat' dir='ltr'>re</span> <span class='ocrx_word' id='word_1_322' title='bbox 1424 3263 1639 3317; x_wconf 85' lang='lat' dir='ltr'>barbari</span> <span class='ocrx_word' id='word_1_323' title='bbox 1669 3269 1728 3317; x_wconf 91' lang='lat' dir='ltr'>et</span> <span class='ocrx_word' id='word_1_324' title='bbox 1753 3265 1955 3318; x_wconf 83' lang='lat' dir='ltr'>famam</span> 
     </span>
    </p>
   </div>
  </div>
 </body>
</html>
