2269 3561
248 197 308 245 18
733 192 788 238 G.
825 190 1175 239 SALLUSTI
1210 190 1445 239 CRISPI

243 271 700 326 commendationi
724 286 878 324 meae
903 270 1112 324 tribuit.
1184 271 1547 335 Quamobrem
1573 270 1944 325 defensionem

241 349 297 401 in
338 364 476 401 novo
514 347 732 400 consilio
774 363 880 399 non
922 346 1092 399 statui
1132 362 1360 413 parare3
1412 345 1837 400 satisfactionem
1875 363 1944 400 ex

241 424 390 477 nulla
419 422 745 476 conscientia
769 423 840 475 de
866 422 1025 490 culpa
1051 438 1355 490 proponere
1380 421 1613 488 decrevi,
1640 439 1804 490 quam
1837 439 1947 475 me-

243 499 533 557 diusfidius
564 515 748 552 veram
781 498 910 552 lieet
943 515 1248 566 cognoscas,
1324 498 1548 566 Injuriis
1581 499 1944 552 contumeliis-

243 593 348 645 que
380 575 701 642 concitatus,
728 574 878 642 quod
910 575 1091 628 fructu
1123 575 1323 627 laboris
1358 574 1769 642 industriaeque
1793 592 1945 628 meae

243 653 487 720 privatus
541 655 745 705 statum
797 651 1082 718 dignitatis
1137 668 1245 703 non
1294 651 1623 717 obtinebam,
1673 651 1945 720 publicam

243 729 564 781 miserorum
597 744 841 780 caussam
872 745 970 795 pro
995 744 1116 780 mea
1142 728 1535 781 consuetudine
1561 729 1805 796 suscepi3
1838 745 1945 780 non

243 806 371 873 quin
405 821 498 857 aes
532 803 766 856 alienum
797 805 934 856 meis
957 804 1265 856 nominibus
1289 820 1358 856 ex
1387 804 1814 872 possessionibus
1843 804 1946 857 sol-

244 898 372 934 vere
395 897 625 950 possem,
647 896 815 948 quum
841 884 899 934 et
923 881 1110 933 alienis
1136 879 1445 932 nominibus
1470 880 1768 933 liberalitas
1785 879 1947 932 Ores-

245 957 396 1010 tillae
443 955 555 1009 suis
596 957 850 1024 filiaeque
893 957 1062 1024 copiis
1108 956 1463 1024 persolveret,
1509 956 1607 1010 sed
1651 955 1797 1024 quod
1838 973 1946 1009 non

245 1031 440 1100 dignos
463 1032 709 1085 homines
733 1032 935 1084 honore
960 1033 1275 1085 honestatos
1300 1031 1571 1099 videbam,
1589 1049 1787 1100 meque
1811 1032 1948 1085 falsa
2007 1046 2010 1049 ·

246 1108 550 1181 suspicione
574 1109 865 1161 alienatum
892 1124 1012 1161 esse
1039 1108 1357 1161 sentiebam.
1426 1109 1550 1161 Hoc
1575 1108 1789 1161 nomine
1815 1109 1946 1161 satis

245 1185 501 1238 honestas
536 1201 636 1252 pro
672 1201 793 1237 meo
825 1201 955 1236 casu
988 1200 1111 1252 spes
1143 1184 1386 1252 reliquae
1420 1181 1701 1252 dignitatis
1733 1200 1946 1237 conser-

246 1261 455 1313 vandae
498 1278 616 1313 sum
660 1263 936 1328 sequutus.
1028 1260 1194 1312 Plura
1236 1276 1404 1328 quum
1454 1261 1690 1313 scribere
1732 1260 1942 1327 vellem,

246 1337 554 1390 nuntiatum
586 1341 671 1390 est
705 1337 812 1388 vim
845 1336 976 1388 mihi
1008 1335 1204 1403 parari.
1279 1336 1439 1389 Nunc
1466 1335 1778 1389 Orestillam
1804 1353 1946 1388 com-

247 1412 442 1465 mendo
481 1416 716 1478 tuaeque
757 1411 888 1464 fidei
929 1410 1121 1475 trad03
1173 1428 1291 1464 eam
1336 1412 1405 1465 ab
1447 1412 1647 1480 injuria
1684 1410 1948 1464 defendas

247 1506 347 1558 per
371 1488 568 1541 liberos
592 1495 716 1541 tuos
740 1491 977 1554 rogatus
1053 1487 1317 1540 Havet0.”

354 1570 434 1618 36.
506 1563 615 1616 Sed
646 1564 762 1630 ipse
789 1579 989 1630 paucos
1018 1563 1137 1616 dies
1168 1567 1531 1618 commoratus
1560 1564 1707 1632 apud
1738 1564 1794 1618 O.
1824 1563 1948 1617 Fla-

247 1641 472 1693 minium
501 1639 556 1692 in
584 1655 715 1706 agro
741 1639 1017 1705 ArretinO,
1044 1638 1175 1691 dum
1200 1638 1538 1693 vicinitatem
1565 1645 1727 1693 antea
1757 1640 1947 1693 sollici-

248 1719 421 1769 tatam
462 1715 628 1767 armis
669 1718 913 1780 exornat,
953 1731 1072 1767 cum
1117 1714 1356 1768 fascibus
1396 1720 1563 1784 atque
1600 1715 1718 1768 aliis
1752 1715 1946 1784 imperi

248 1791 546 1861 insignibus
581 1792 636 1844 in
669 1795 847 1844 castra
879 1790 951 1843 ad
985 1791 1247 1843 Manlium
1287 1791 1587 1845 contendit.
1664 1793 1818 1845 Haec
1852 1792 1946 1844 ubi

250 1868 456 1922 Romae
494 1870 770 1935 comperta
812 1870 955 1934 sunt,
997 1871 1219 1920 senatus
1260 1867 1551 1920 Catilinam
1589 1871 1647 1920 et
1683 1868 1947 1921 Manlium

247 1945 420 1998 hostis
452 1943 684 2011 judicat,
728 1946 946 1997 ceterae
989 1943 1332 1996 multitudini
1374 1944 1522 1996 diem
1565 1945 1777 2010 statuit,
1820 1947 1948 1997 ante

248 2038 411 2089 quam
454 2022 568 2074 sine
608 2019 802 2073 fraude
845 2020 1034 2072 liceret
1081 2019 1151 2071 ab
1192 2019 1357 2072 armis
1400 2020 1683 2073 discedere
1729 2024 1949 2088 praeter

247 2115 429 2151 rerum
456 2096 768 2165 capitalium
794 2096 1183 2149 condemnatis,
1247 2096 1543 2149 Praeterea
1577 2096 1839 2160 decernit,
1864 2095 1948 2148 uti

247 2173 494 2227 consules
521 2172 793 2224 delectum
820 2171 1072 2236 habeant,
1098 2171 1371 2224 Antonius
1396 2189 1517 2224 eum
1543 2172 1787 2225 exercitu
1805 2171 1950 2225 Cati-

246 2250 411 2302 linam
432 2247 688 2316 persequi
714 2251 969 2315 maturet,
996 2247 1186 2301 Cicero
1211 2247 1334 2299 urbi
1359 2248 1632 2316 praesidio
1657 2249 1744 2301 sit.

353 2326 434 2377 Ea
460 2326 792 2391 tempestate
824 2322 956 2375 mihi
986 2323 1275 2390 imperium
1301 2323 1486 2391 populi
1515 2324 1744 2376 Romani
1777 2324 1949 2377 multo

248 2418 501 2455 maxume
526 2398 833 2452 miserabile
856 2398 1030 2451 visum
1058 2403 1143 2451 est
1162 2420 1173 2464 ;
1191 2400 1293 2452 ·cui
1318 2415 1484 2467 quum
1509 2399 1579 2451 ad
1606 2416 1853 2453 occasum
1880 2400 1949 2452 ab

248 2482 374 2530 ortu
395 2476 520 2529 solis
535 2475 713 2527 omnia
728 2474 937 2526 domita
956 2474 1122 2526 armis
1140 2479 1414 2542 parerent,
1432 2475 1579 2528 domi
1598 2476 1769 2528 otium
1785 2478 1951 2542 atque

249 2552 488 2618 divitiae,
525 2568 664 2619 quae
702 2551 878 2617 prima
916 2551 1175 2603 mortales
1213 2555 1423 2618 putant,
1463 2551 1763 2617 affluerent,
1798 2552 1951 2604 fuere

248 2636 433 2683 tamen
470 2628 613 2680 cives
643 2628 739 2695 qui
770 2643 937 2694 seque
966 2643 1195 2694 remque
1223 2627 1496 2695 publicam
1525 2627 1815 2681 obstinatis
1846 2628 1955 2679 ani-

251 2706 352 2757 mis
393 2703 673 2772 perditum
711 2703 869 2755 irent.
952 2703 1206 2771 Namque
1249 2703 1461 2756 duobus
1500 2704 1676 2756 senati
1717 2703 1954 2756 decretis

250 2799 316 2833 cx
351 2784 509 2833 tanta
543 2778 895 2831 multitudine
931 2796 1109 2846 neque
1143 2780 1388 2847 praemio
1421 2779 1677 2833 inductus
1713 2779 1957 2848 conjura?

249 2859 454 2910 tionem
484 2855 822 2924 patefecerat
856 2871 1029 2920 neque
1055 2873 1123 2907 ex
1154 2856 1348 2908 castris
1375 2856 1641 2909 Catilinae
1668 2857 1955 2924 quisquam

251 2933 488 2985 omnium
531 2931 890 2994 discesserat3
946 2934 1100 2983 tanta
1143 2931 1223 2983 vis
1266 2930 1455 2999 morbi,
1498 2931 1579 2983 uti
1621 2930 1796 2999 tabes,
1845 2930 1954 2998 ple-

252 3024 452 3075 rosque
476 3007 673 3061 civium
697 3006 900 3059 animos
926 3005 1214 3059 invaserat.

355 3087 437 3140 37.
510 3083 705 3149 Neque
739 3083 910 3135 solum
944 3082 1050 3134 illis
1083 3082 1260 3135 aliena
1290 3099 1444 3135 mens
1478 3086 1597 3136 erat
1633 3084 1728 3151 qui
1761 3083 1959 3137 conscii

250 3159 640 3228 conjurationis
677 3159 908 3222 fuerant,
948 3158 1045 3210 sed
1082 3159 1300 3211 omnino
1338 3166 1533 3212 cuncta
1567 3160 1758 3227 plebes
1797 3176 1960 3213 nova-

252 3254 373 3289 rum
403 3252 586 3288 rerum
619 3234 801 3288 studio
829 3233 1098 3288 Catilinae
1121 3234 1339 3302 incepta
1366 3236 1652 3303 probabat.
1727 3237 1797 3289 Id
1822 3236 1961 3289 adeo
