2269 3561
219 144 282 190 92
718 142 774 189 O.
811 140 1164 189 SALLUSTI
1200 140 1436 189 CRISPI

215 223 485 291 reputate,
531 238 662 274 num
706 238 893 274 eorum
942 219 1343 289 poenitundum
1382 220 1467 273 sit.
1538 219 1663 273 Non
1700 236 1926 289 possum

214 298 345 352 fidei
374 314 565 351 caussa
593 297 872 366 imagines,
912 314 1090 366 neque
1129 296 1435 364 triumphos
1475 301 1572 350 aut
1613 298 1929 350 consulatus

213 373 486 442 majorum
531 391 774 427 meorum
816 377 1110 441 ostentare,
1153 377 1226 437 at,
1276 372 1320 424 si
1367 389 1457 425 res
1506 374 1764 441 postulet,
1791 372 1929 431 ,has—

215 455 317 514 tas‚
357 450 632 516 vexillum,
680 450 949 518 phaleraS,
991 450 1097 503 alia
1138 448 1394 502 militaria
1433 448 1592 513 dona,
1638 452 1931 516 praeterea

214 526 497 580 cicatrices
534 525 765 579 advorso
802 542 1043 594 corpore.
1117 525 1241 578 Hae
1284 529 1411 577 sunt
1454 541 1610 578 meae
1647 525 1930 592 imagines,

215 602 351 655 haec
393 602 663 669 nobilitas,
701 618 807 654 non
847 601 1158 655 hereditate
1195 600 1403 666 relicta,
1439 605 1504 654 ut
1526 601 1620 654 illa
1656 601 1779 668 illis,
1825 600 1931 654 sed

218 696 358 747 quae
393 682 612 746 egomet
647 678 914 745 plurumis
951 678 1229 731 laboribus
1273 681 1331 729 et
1373 677 1625 745 periculis
1664 678 1930 745 quaesivi.

219 755 265 807 N
273 772 341 807 on
366 759 493 807 sunt
517 754 817 822 composita
840 754 1008 805 verba
1032 769 1182 817 mea3
1218 771 1357 822 paru
1377 771 1408 804 n
1436 753 1496 806 id
1519 752 1690 816 faci03
1725 753 1842 822 ipsa
1867 770 1931 808 se

217 831 393 883 virtus
428 831 563 883 satis
600 830 874 893 ostendit;
909 830 1013 881 illis
1056 830 1287 882 artificio
1326 846 1461 897 opus
1500 836 1599 896 est,
1640 834 1707 882 ut
1746 831 1932 899 turpia

217 908 365 960 facta
402 906 646 960 oratione
685 909 891 973 tegant.
962 906 1160 974 Neque
1194 905 1410 959 litteras
1450 906 1689 959 Graecas
1729 906 1932 971 didici;

217 1000 412 1052 parum
455 982 707 1051 placebat
746 998 837 1035 eas
880 981 1106 1048 discere,
1131 982 1336 1051 quippe
1377 999 1518 1050 quae
1556 982 1629 1035 ad
1664 983 1932 1036 virtutem

220 1059 533 1112 doctoribus
565 1058 697 1110 nihil
734 1058 1068 1126 profuerunt.
1146 1061 1228 1111 At
1260 1058 1353 1111 illa
1385 1058 1559 1111 multo
1588 1062 1815 1127 optuma
1846 1061 1933 1113 rei

219 1135 469 1204 publicae
508 1134 701 1188 doctus
737 1151 870 1198 sum,
909 1134 1124 1187 hostem
1165 1134 1343 1200 ferire,
1386 1135 1661 1202 praesidia
1699 1136 1932 1202 agitare,

220 1211 353 1263 nihil
388 1215 635 1264 metuere
672 1210 775 1263 nisi
811 1213 1026 1277 turpem
1068 1210 1284 1277 famam,
1317 1210 1550 1263 hiemem
1576 1215 1635 1264 et
1657 1215 1934 1265 aestatem

213 1287 379 1355 juxta
403 1287 532 1355 pati,
553 1286 704 1339 humi
729 1287 1089 1355 requiescere,
1114 1285 1308 1339 eodem
1336 1292 1585 1355 tempore
1610 1288 1847 1357 inopiam
1872 1293 1935 1341 et

221 1363 461 1416 laborem
488 1363 740 1416 tolerare.
814 1363 917 1415 His
948 1379 1049 1429 ego
1077 1363 1388 1431 praeceptis
1417 1364 1621 1417 milites
1651 1364 1932 1430 hortabor,

221 1456 401 1506 neque
447 1439 567 1491 illos
604 1442 725 1491 arte
764 1439 950 1504 colam,
994 1455 1081 1491 me
1121 1438 1422 1505 opulenter,
1471 1456 1651 1507 neque
1699 1439 1933 1507 gloriam

221 1532 413 1581 meam,
462 1515 705 1568 laborem
765 1514 982 1568 illorum
1031 1514 1240 1567 faciam.
1328 1516 1450 1568 Hoc
1493 1519 1581 1568 est
1628 1516 1780 1582 utile,
1829 1516 1935 1571 hoc

222 1592 379 1646 civile
427 1592 730 1660 imperium.
818 1592 1070 1659 Namque
1113 1607 1282 1659 quum
1331 1595 1452 1645 tute
1500 1608 1598 1660 per
1646 1592 1933 1646 mollitiem

222 1686 367 1737 agaS,
406 1668 710 1722 exercitum
745 1668 1009 1737 supplicio
1048 1685 1260 1737 cogere,
1291 1667 1352 1721 id
1380 1674 1467 1722 est
1500 1668 1795 1735 dominum,
1821 1687 1932 1723 non

222 1746 608 1813 imperatorem
653 1762 788 1799 esse.
879 1746 1035 1799 Haec
1084 1748 1252 1814 atque
1300 1743 1434 1798 talia
1481 1744 1720 1813 majores
1759 1747 1934 1800 vostri

223 1821 477 1876 faciundo
525 1838 692 1890 seque
739 1838 965 1888 remque
1013 1821 1285 1889 publicam
1340 1820 1702 1875 celebravere.
1796 1823 1935 1887 Quis

224 1898 478 1952 nobilitas
506 1899 651 1951 freta
673 1899 793 1966 ipsa
818 1898 1095 1950 dissimilis
1119 1897 1363 1950 moribus
1386 1913 1485 1949 nos
1507 1898 1724 1951 illorum
1749 1916 1935 1952 aemu-

223 1976 304 2028 los
323 1975 637 2039 contemnit,
658 1980 716 2026 et
731 1975 904 2026 omnis
928 1973 1161 2026 honores
1186 1989 1292 2025 non
1319 1991 1387 2025 ex
1416 1974 1628 2041 meritc,
1654 1975 1752 2027 sed
1777 1977 1936 2043 quasi

225 2051 443 2105 debitos
468 2068 500 2103 a
518 2050 669 2103 vobis
694 2050 911 2117 repetit.
986 2050 1245 2103 Ceterum
1269 2049 1515 2103 homines
1540 2051 1934 2118 superbissumi

223 2128 411 2197 procul
438 2133 637 2181 errant.
713 2126 954 2194 Majores
992 2144 1182 2180 eorum
1216 2127 1394 2179 omnia
1428 2145 1570 2195 quae
1603 2128 1804 2181 licebat
1827 2129 1936 2184 illis

224 2204 510 2271 reliquere,
538 2204 773 2267 divitias,
807 2203 1086 2271 imagines,
1117 2203 1436 2256 memoriam
1462 2203 1544 2256 sui
1568 2204 1936 2272 praeclaram;

225 2281 486 2333 virtutem
520 2297 626 2333 non
665 2279 954 2348 reliquere,
990 2296 1166 2347 neque
1201 2283 1489 2348 poterant3
1526 2297 1590 2333 ea
1614 2281 1728 2334 sola
1750 2299 1935 2351 neque

226 2356 393 2408 datur
431 2357 571 2408 dono
612 2373 790 2425 neque
828 2357 1107 2424 accipitur,
1185 2356 1478 2410 Sordidum
1512 2375 1601 2410 me
1630 2361 1689 2410 et
1711 2358 1935 2412 incultis

225 2432 468 2486 moribus
500 2433 669 2497 aiunt,
706 2433 833 2499 quia
869 2450 1057 2500 parum
1092 2433 1228 2486 scite
1258 2433 1561 2486 convivium
1597 2451 1815 2501 exornO,
1843 2452 1937 2488 ne-

229 2525 336 2578 que
367 2508 687 2561 histrionem
724 2509 896 2561 ullum
926 2526 1103 2577 neque
1133 2509 1305 2577 pluris
1333 2511 1478 2577 preti
1509 2527 1743 2578 coquum
1768 2528 1935 2579 quam

227 2585 466 2638 villicum
505 2585 700 2641 habeo,
786 2585 937 2649 Quae
981 2586 1112 2638 mihi
1159 2586 1311 2639 lubet
1359 2587 1623 2651 confiteri,
1675 2587 1934 2650 Quirites,

230 2662 371 2714 Nam
400 2679 467 2714 ex
499 2665 730 2730 parente
759 2678 881 2715 meo
907 2665 964 2715 et
988 2680 1055 2714 cx
1090 2663 1211 2716 aliis
1245 2663 1446 2716 sanctis
1475 2663 1606 2715 viris
1638 2663 1717 2717 ita
1750 2665 1935 2733 accepi

228 2738 527 2792 munditias
552 2738 883 2804 mulieribus,
912 2738 1041 2791 viris
1067 2739 1307 2793 laborem
1333 2741 1636 2807 convenire,
1666 2741 1939 2794 omnibus-

230 2831 337 2884 que
368 2815 524 2868 bonis
557 2821 810 2883 oportere
843 2815 965 2882 plus
994 2816 1202 2882 gloriae
1241 2832 1403 2882 quam
1434 2817 1749 2870 divitiarum
1785 2835 1936 2882 esse3

230 2908 395 2957 arma,
428 2908 533 2944 non
567 2890 997 2960 suppellectilem
1031 2891 1215 2944 decori
1249 2908 1384 2945 esse.
1458 2893 1600 2958 Quin
1631 2911 1762 2961 ergo
1788 2894 1940 2962 quod

222 2965 400 3034 juvat,
418 2966 564 3033 quod
589 2984 771 3019 carum
800 2971 1124 3032 aestumant,
1142 2968 1201 3019 id
1227 2986 1444 3038 semper
1466 2969 1697 3035 faciant3
1735 2975 1938 3039 ament,

231 3045 455 3109 potent;
490 3041 584 3093 ubi
618 3042 1049 3095 adulescentiam
1083 3044 1341 3113 habuere,
1367 3046 1445 3098 ibi
1471 3051 1811 3109 senectutem
1845 3065 1939 3116 ag-

232 3118 345 3179 ant,
368 3115 424 3166 in
450 3115 720 3182 conviviis,
747 3117 922 3171 dediti
947 3120 1127 3172 ventri
1159 3125 1215 3174 et
1247 3123 1619 3191 turpissumae
1643 3125 1792 3191 parti
1819 3142 1941 3179 cor-

232 3190 409 3259 poris;
444 3188 715 3257 sudorem,
740 3192 1020 3259 pulverem
1046 3200 1103 3247 et
1126 3196 1232 3248 alia
1262 3198 1392 3250 talia
1424 3199 1739 3267 relinquant
1766 3201 1941 3263 nobis,
