2269 3561
997 160 1298 209 CATILIN
1302 162 1364 209 A.
1974 166 1992 211 ]
2005 162 2031 210 1

333 241 535 310 populi,
557 241 803 295 nationes
839 240 1115 308 stipendia
1153 242 1429 310 pendere;
1466 245 1640 298 ceteri
1670 261 1875 313 omneS,
1895 248 2037 300 stre-

333 319 444 386 nui,
488 319 630 386 boni,
669 317 878 371 nobiles
917 320 1086 386 atque
1124 318 1409 386 ignobile8‚
1452 323 1643 390 volgus
1680 322 1881 375 fuimus
1918 323 2036 376 sine

332 396 523 462 gratia,
539 396 655 448 sine
681 395 1023 461 auctoritate,
1049 393 1116 447 iis
1142 395 1376 464 obnoxii,
1396 398 1608 466 quibuS,
1635 400 1679 451 si
1704 416 1794 452 res
1818 399 2037 467 publica

331 473 557 538 valeret,
594 470 873 525 formidini
913 487 1173 524 essemus,
1246 472 1466 541 Itaque·
1495 476 1669 528 omnis
1707 476 1901 542 gratia,
1944 493 2037 546 po-

331 550 522 616 tentia,
543 550 726 614 honos»,
745 547 969 601 divitiae
984 547 1142 615 apud
1166 548 1288 601 illos
1313 554 1456 616 sunt,
1474 555 1571 604 aut
1594 551 1688 604 ubi
1713 551 1793 603 illi
1818 553 2034 621 volunt3

330 626 488 679 nobis
530 626 801 694 reliquere
843 625 1101 694 pericula,
1146 626 1405 694 repulsas,
1441 627 1666 696 judicia,
1711 633 2031 697 egestatem.

333 702 483 766 Quae
509 716 789 771 quousque
807 703 1031 755 tandem
1058 701 1359 770 patiemini,
1377 703 1677 757 fortissumi
1692 705 1831 760 viri?
1856 724 2035 762 nonne

330 780 501 833 emori
526 794 625 847 per
649 779 909 833 virtutem
933 782 1181 848 praestat
1207 796 1371 847 quam
1397 781 1565 834 vitam
1590 783 1844 836 miseram
1866 787 2034 852 atque

329 857 687 923 inhonestam,
725 855 821 908 ubi
861 856 1065 909 alienae
1109 855 1399 925 superbiae
1439 858 1675 911 ludibrio
1712 860 1897 926 fueris,
1935 878 2036 929 per

329 934 569 987 dedecus
600 933 892 986 amittere?
965 933 1176 987 Verum
1211 935 1487 988 enimvero
1526 952 1627 1003 pro
1668 935 1832 989 deum
1866 940 2034 1006 atque

327 1011 607 1063 hominmn
634 1010 830 1063 fidem!
870 1009 1096 1062 victoria
1118 1012 1175 1063 in
1201 1028 1367 1064 manu
1391 1011 1547 1064 nobis
1572 1015 1670 1077 est,
1696 1013 1845 1080 viget
1864 1017 2033 1081 actae,

327 1089 540 1141 animus
577 1087 755 1150 valet3
803 1089 991 1138 contra
1029 1086 1134 1138 illis
1172 1089 1327 1141 annis
1376 1093 1548 1157 atque
1597 1088 1805 1142 divitiis
1854 1092 2034 1144 omnia

326 1167 742 1218 consenuerunt.
817 1161 1215 1215 Tantummodo
1252 1165 1470 1233 incepto
1514 1181 1652 1233 opus
1693 1169 1811 1229 est3
1849 1169 2034 1219 cetera

326 1258 415 1295 res
453 1240 726 1310 expediet.
804 1237 1025 1291 Etenim
1059 1239 1180 1306 quis
1211 1242 1540 1308 mortalium,
1565 1241 1652 1294 cui
1690 1241 1848 1294 virile
1885 1242 2029 1309 inge-

324 1319 473 1372 nium
515 1323 615 1385 est,
657 1318 895 1370 tolerare
932 1318 1119 1384 potest
1163 1314 1269 1368 illis
1319 1316 1536 1372 divitias
1577 1334 1856 1386 superare,
1896 1335 2033 1386 quas

324 1395 660 1464 profundant
685 1395 740 1447 in
759 1392 1097 1447 exstruendo
1117 1393 1253 1444 mari
1279 1397 1336 1446 et
1356 1394 1633 1448 montibus
1653 1394 2032 1464 coaequandis,

323 1471 478 1526 nobis
502 1488 620 1526 rem
643 1471 969 1525 familiarem
998 1469 1167 1522 etiam
1204 1469 1276 1521 ad
1313 1473 1617 1525 necessaria
1642 1471 1873 1525 deesse?
1908 1472 2032 1525 illos

322 1548 480 1602 binas
504 1553 601 1603 aut
625 1548 861 1618 amplius
902 1547 1094 1600 domos
1126 1547 1460 1612 continuare,
1487 1549 1643 1602 nobis
1667 1550 1840 1602 larem
1877 1548 2032 1602 fami-

322 1626 513 1678 liarem
562 1642 829 1694 nusquam
880 1623 1051 1677 ullum
1101 1624 1253 1677 esse?
1355 1623 1532 1687 Quum
1582 1625 1811 1691 tabulaS‚
1860 1625 2032 1693 signa,

321 1704 631 1755 toreumata
654 1705 858 1767 emunt,
879 1717 1020 1753 nova
1044 1700 1286 1766 diruunt,
1305 1700 1409 1752 alia
1426 1700 1731 1768 aedificant,
1750 1705 2031 1770 postremo

322 1778 572 1831 omnibus
597 1777 770 1831 modis
793 1778 1079 1846 pecuniam
1104 1776 1348 1844 trahunt,
1374 1779 1589 1846 vexant,
1608 1782 1791 1831 tamen
1818 1796 2031 1831 summa

322 1852 568 1907 lubidine
593 1854 813 1907 divitias
847 1870 973 1907 suas
1012 1854 1230 1907 vincere
1260 1857 1560 1921 nequeunt.
1635 1856 1715 1908 At
1750 1855 1906 1908 nobis
1944 1858 2032 1907 est

325 1929 472 1983 domi
512 1930 707 1997 inopia,
746 1930 880 1982 foris
918 1946 1012 1982 aes
1056 1929 1311 1995 alienum,
1357 1929 1499 1982 mala
1546 1947 1650 1996 reS,
1693 1948 1817 1999 spes
1855 1931 2030 1985 multo

323 2006 593 2073 asperior3
630 2005 895 2073 denique,
912 2005 1047 2073 quid
1085 2005 1284 2071 reliqui
1317 2004 1581 2058 habemus
1618 2010 1838 2073 praeter
1874 2009 2031 2061 mise·-

321 2099 439 2135 ram
477 2082 747 2135 animam?
822 2081 964 2145 Quin
1014 2081 1185 2148 igitur
1233 2081 1711 2149 expergiscimini?
1795 2083 1879 2136 En
1923 2085 2030 2150 illa,

320 2158 428 2224 illa,
467 2174 630 2225 quam
673 2174 837 2226 saepe
876 2158 1123 2226 optastiS,
1165 2157 1408 2224 libertas,
1451 2162 1740 2226 praeterea
1788 2159 2028 2228 divitiae,

322 2234 503 2302 decuS,
528 2233 702 2302 gloria
737 2234 794 2286 in
823 2233 991 2286 oculis
1026 2234 1136 2286 sita
1169 2238 1327 2288 sunt!
1367 2235 1588 2288 fortuna
1621 2236 1801 2289 omnia
1832 2253 1899 2290 ea
1923 2238 2030 2290 vic-

319 2310 533 2364 toribus
557 2311 800 2378 praemia
824 2310 1022 2379 posuit.
1095 2311 1223 2378 Res,
1248 2315 1480 2380 tempus,
1519 2311 1772 2379 pericula,
1797 2317 2029 2381 egestas,

319 2387 449 2441 belli
476 2387 648 2455 spolia
685 2387 971 2455 magnifica
1008 2387 1184 2455 magis
1216 2404 1379 2457 quam
1412 2388 1590 2441 oratio
1620 2405 1742 2441 mea
1777 2406 1872 2442 vos
1904 2390 2027 2443 hor-

318 2467 523 2517 tentur.
596 2464 701 2516 Vel
739 2464 1072 2531 imperatore
1110 2464 1198 2517 vel
1229 2464 1402 2517 milite
1441 2481 1530 2518 mc
1568 2466 1813 2531 utimini3
1848 2483 2027 2535 neque

319 2540 531 2594 animus
579 2557 756 2608 neque
804 2556 1001 2609 corpus
1047 2556 1080 2593 a
1126 2540 1282 2593 vobis
1330 2540 1523 2595 aberit.
1596 2541 1753 2596 Haec
1789 2543 1925 2611 ipsa,
1965 2548 2028 2596 ut

320 2633 494 2684 spem,
521 2616 797 2669 vobiscum
822 2633 929 2668 una
954 2617 1140 2670 consul
1179 2633 1354 2684 agani,
1378 2618 1482 2671 nisi
1517 2618 1664 2672 forte
1688 2635 1777 2672 me
1813 2620 2027 2671 animus

317 2692 475 2759 fallit,
502 2697 560 2746 et
583 2709 680 2745 vos
705 2693 910 2746 servire
936 2694 1111 2761 magis
1139 2709 1301 2760 quam
1327 2693 1595 2762 imperare
1619 2695 1799 2763 parati
1824 2696 2004 2749 estis.''

424 2775 504 2822 21.
581 2769 883 2837 Postquam
932 2786 1192 2837 accepere
1241 2785 1307 2821 ea
1348 2768 1603 2835 homines,
1648 2771 1847 2839 quibus
1884 2772 2027 2824 mala

319 2845 537 2899 abunde
579 2846 759 2898 omnia
796 2848 971 2909 erant,
1015 2845 1111 2897 sed
1154 2862 1332 2913 neque
1371 2863 1459 2899 res
1501 2864 1678 2915 neque
1717 2863 1842 2914 spes
1883 2847 2027 2900 bona

317 2921 444 2988 ulla,
467 2921 690 2975 tametsi
717 2921 824 2974 illis
857 2922 1046 2989 quieta
1080 2938 1300 2974 movere
1332 2937 1524 2989 magna
1564 2938 1773 2975 merces
1802 2921 2025 2975 videba-

316 3002 423 3066 tur,
472 3002 658 3051 tamen
703 2997 1048 3065 postulavere
1087 2997 1353 3065 plerique,
1395 2997 1477 3050 uti
1513 3001 1846 3068 proponeret
1884 3015 2025 3065 quae

316 3075 561 3129 condicio
588 3074 719 3127 belli
757 3074 916 3142 foret,
943 3091 1087 3143 quac
1119 3074 1365 3142 praemia
1390 3074 1556 3126 armis
1591 3078 1864 3140 peterent,
1889 3076 2021 3143 quid

314 3152 522 3222 ubique
546 3151 666 3220 opis
700 3156 798 3205 aut
832 3152 945 3221 spei
982 3150 1269 3205 haberent.
1344 3150 1481 3202 Tum
1508 3150 1743 3203 Catilina
1780 3150 2022 3218 polliceri

314 3229 532 3283 tabulas
557 3243 742 3296 novas,
767 3228 1225 3298 proscriptionem
1261 3225 1629 3295 locupletium,
1652 3225 2024 3294 magistr-atne,
