2269 3561
235 194 297 242 10
736 191 790 239 C.
832 191 1182 240 SALLUSTI
1217 191 1449 239 CRISPI

234 273 422 340 risque
464 270 808 326 senatoribus
850 271 1147 340 perniciem
1189 271 1653 325 machinabantur.
1687 294 1690 295 ⁷
1730 231 1948 349 Quoffini

237 347 474 401 Catilina
497 351 831 401 maturasset
863 364 963 416 pro
987 348 1139 400 curia
1169 348 1380 415 signum
1411 347 1571 400 sociis
1596 347 1742 411 dare,
1767 364 1831 400 eo
1856 347 1947 414 die

233 427 361 492 post
393 424 670 477 conditam
703 423 896 476 urbem
924 424 1154 476 Romam
1179 440 1493 491 pessumum
1530 423 1738 476 facinus
1766 427 1946 491 patra-

234 504 356 553 tum
390 500 549 553 foret.
625 500 766 564 Quia
807 499 1048 552 nondum
1091 500 1409 568 frequentes
1448 499 1646 552 armati
1683 503 1941 552 convene-

241 579 377 643 rant,
405 593 470 629 ea
492 592 584 650 1⁹9}
608 576 889 630 consilium
915 575 1153 629 diremit.

343 658 422 706 19.
498 652 702 705 Postea
740 651 867 704 Piso
899 651 956 703 in
994 651 1307 704 citeriorem
1335 651 1660 719 Hispaniam
1685 655 1945 720 quaestor

240 743 334 795 pro
361 718 633 797 ‚praetffre
670 729 870 781 missus
908 732 1009 795 est,
1053 729 1338 781 annitente
1380 728 1595 795 CrassO,
1635 728 1784 795 quod
1818 745 1943 781 eum

239 804 495 858 infestum
545 804 825 857 inimicum
878 804 973 858 Cn.
1020 786 1281 872 Pompeffi
1329 809 1672 871 cognoverat.
1747 804 1942 872 Neque

239 885 420 933 tamen
436 884 656 933 senatus
671 880 1006 948 provinciam
1021 880 1225 933 invitus
1241 880 1490 946 dederat,
1502 863 1992 953 quippss‘foedumss

236 955 508 1010 hominem
545 973 579 1009 a
602 957 916 1035 rleica
949 957 1137 1045 pgocul
1172 972 1293 1009 esse
1325 956 1577 1021 volebat3
1616 956 1774 1009 simul
1813 956 1974 1025 quiax

235 1031 361 1084 boni
383 1033 690 1101 complures
715 1032 1051 1102 praesidium
1077 1032 1133 1085 in
1170 1049 1236 1086 eo
1267 1032 1554 1100 putabant,
1581 1037 1639 1086 et
1666 1032 1785 1100 jam
1822 1036 1940 1085 tum

235 1109 483 1176 potentia
509 1109 734 1177 Pompei
758 1108 1110 1161 formidolosa
1137 1111 1272 1161 erat.
1350 1107 1463 1162 Sed
1499 1109 1546 1161 is
1578 1108 1704 1161 Piso
1728 1100 1941 1176 ffiro-

235 1185 410 1238 vincia
433 1184 504 1239 ab
529 1185 806 1253 equitibus
834 1185 1112 1253 HispaniS,
1139 1201 1279 1253 quos
1302 1185 1359 1236 iu
1386 1185 1634 1238 exercitu
1659 1185 1939 1252 ductabat,

236 1260 345 1313 iter
385 1262 589 1315 faciens
627 1262 835 1315 occisus
867 1265 967 1315 est.
1040 1262 1181 1315 Sunt
1220 1261 1315 1329 qui
1352 1261 1431 1314 ita
1469 1260 1673 1327 dicunt,
1709 1261 1939 1329 imperia

237 1337 354 1403 ejus
378 1337 595 1406 injusta,
620 1337 870 1405 superba,
894 1337 1136 1391 crudelia
1159 1337 1424 1390 barbaros
1448 1337 1759 1411 nequivisse
1793 1337 1939 1405 pati;

237 1413 328 1466 alii
367 1419 550 1467 autem
593 1414 809 1480 equites
849 1413 985 1479 illos,
1026 1414 1120 1467 Cn.
1162 1414 1387 1482 Pompei
1430 1418 1645 1467 veteres
1687 1413 1937 1481 fidosque

237 1490 466 1556 clientiS,
494 1478 789 1543 voluntat&
815 1489 935 1557 ejus
977 1489 1229 1543 Pisonem
1272 1507 1590 1559 aggressos;
1639 1506 1934 1556 numquam

239 1566 514 1634 Hispanos
561 1569 848 1633 praeterea
894 1566 1007 1619 tale
1049 1566 1260 1620 facinus
1313 1568 1519 1634 fecisse,
1565 1566 1664 1620 sed
1708 1567 1937 1634 imperia

238 1658 400 1695 saeva
430 1643 602 1695 multa
627 1644 793 1694 antea
829 1658 1130 1710 perpessos
1206 1643 1321 1695 Nos
1357 1660 1476 1696 eain
1511 1660 1629 1696 rem
1666 1644 1720 1696 in
1756 1643 1936 1696 medio

235 1718 619 1787 relinquemus.
691 1718 776 1771 De
802 1719 1079 1787 superiore
1102 1719 1477 1788 conjuratione
1502 1720 1636 1772 satis
1660 1719 1884 1773 dictum.

342 1801 422 1849 20.
484 1797 717 1850 Catilina
747 1795 840 1848 ubi
869 1812 962 1849 eos
986 1812 1122 1864 quos
1148 1796 1309 1865 paulo
1335 1801 1464 1851 ante
1491 1798 1786 1850 memoravi
1811 1814 1936 1851 con-

237 1872 450 1926 venisse
473 1873 641 1940 videt,
665 1872 887 1926 tametsi
920 1888 1042 1924 cum
1081 1872 1309 1940 singulis
1338 1873 1513 1927 multa
1538 1890 1701 1941 saepe
1727 1877 1934 1941 egerat,

236 1953 421 2003 tamen
444 1950 502 2002 in
526 1966 641 2003 rem
664 1950 781 2002 fore
805 1948 1035 2001 credens
1058 1949 1339 2002 universos
1363 1949 1638 2017 appellare
1663 1953 1721 2002 et
1745 1949 1935 2003 cohor-

236 2026 358 2093 tari,
392 2027 448 2079 in
481 2026 726 2079 abditam
759 2027 980 2093 partem.
1009 2024 1227 2078 aedium
1262 2026 1485 2091 secedit,
1510 2029 1678 2093 atque
1710 2025 1787 2078 ibi
1821 2023 1933 2079 om-‘

236 2103 395 2156 nibus
443 2103 666 2157 arbitris
712 2102 900 2170 procul
948 2102 1146 2155 amotis
1196 2102 1501 2155 orationem
1556 2100 1931 2168 hujuscemodi

236 2178 441 2233 habuit.
488 2179 517 2205 “
534 2178 608 2231 Ni
633 2178 806 2232 virtus
830 2177 1078 2246 fidesque
1103 2181 1289 2231 vostra
1313 2181 1562 2246 spectata
1586 2176 1718 2230 mihi
1735 2178 1931 2244 forent,

237 2256 598 2324 nequicquam
647 2258 955 2322 opportuna
1011 2270 1100 2306 res
1159 2254 1449 2307 cecidisset
1473 2275 1485 2319 ;
1547 2270 1673 2321 spes
1719 2269 1932 2321 magna,

237 2331 533 2383 dominatio
569 2331 625 2383 in
658 2330 905 2382 manibus
942 2330 1149 2383 frustra
1183 2331 1444 2395 fuissent3
1480 2347 1659 2398 neque
1696 2346 1799 2397 ego
1834 2347 1937 2399 per

234 2407 504 2474 ignaviam
543 2410 640 2459 aut
665 2423 801 2459 vana
824 2406 1040 2473 ingenia
1070 2406 1280 2460 incerta
1317 2423 1416 2474 pro
1454 2406 1618 2459 certis
1643 2410 1933 2475 captarem.

236 2482 347 2535 Sed
380 2483 510 2551 quia
544 2483 732 2535 multis
770 2486 829 2535 et
866 2482 1076 2549 magnis
1113 2483 1540 2551 tempestatibus
1573 2500 1669 2536 vos
1708 2486 1933 2551 cognovi

234 2558 394 2612 fortis
439 2558 689 2626 fidosque
737 2558 884 2621 mihi,
928 2576 992 2611 eo
1031 2560 1244 2612 animus
1292 2577 1455 2614 ausus
1495 2563 1582 2613 est
1617 2576 1932 2613 maxumum

234 2640 399 2702 atque
423 2635 865 2703 pulcherrumum
890 2636 1097 2688 facinus
1133 2635 1389 2704 incipere,
1414 2635 1575 2689 simul
1613 2636 1742 2704 quia
1779 2636 1948 2689 vobis‘

235 2712 430 2764 eadem
445 2727 586 2779 quae
609 2710 740 2764 mihi
766 2711 909 2764 bona
927 2710 1179 2779 malaque
1196 2729 1316 2766 esse
1334 2712 1611 2777 intellexi;
1636 2729 1760 2764 nam
1786 2712 1933 2765 idem
1973 2772 1981 2778 ,

242 2788 373 2841 ,zelle
395 2783 582 2855 ‘atque
620 2787 768 2842 idem
810 2787 965 2852 nolle,
1003 2803 1069 2840 ea
1103 2787 1322 2841 demum
1361 2789 1519 2841 firma
1559 2788 1798 2842 amicitia
1834 2793 1933 2843 est.

250 2864 346 2917 ied
382 2880 484 2931 ego
518 2880 658 2932 quae
696 2867 882 2916 mente
919 2863 1137 2930 agitavi,
1163 2881 1350 2920 omnes
1380 2864 1498 2933 jam
1531 2867 1696 2918 antea
1731 2864 1934 2918 divorsi

250 2940 480 2994 uidistis.
519 2941 776 2995 Ceterum
804 2939 936 2992 mihi
960 2941 1015 2992 in
1042 2939 1161 2993 dies
1185 2942 1356 3009 magis
1372 2942 1585 2994 animus
1602 2940 1933 3008 accenditur,

254 3033 402 3083 luum
449 3016 733 3071 considero
783 3033 922 3084 quae
971 3015 1218 3068 condicio
1265 3019 1410 3071 vitae
1456 3018 1644 3071 futura
1692 3017 1780 3082 sit,
1828 3017 1933 3070 nisi

234 3093 574 3159 nosmetipsi
600 3092 934 3145 vindicamus
965 3092 1020 3144 in
1057 3091 1385 3147 libertatem.
1460 3095 1603 3147 Nam
1638 3097 1933 3163 postquam

234 3185 322 3221 res
346 3167 564 3236 publica
587 3170 641 3220 in
666 3184 959 3235 paucorum
996 3170 1304 3234 potentium
1334 3169 1430 3236 jus
1467 3174 1635 3239 atque
1660 3169 1932 3224 dicionem

235 3245 513 3311 concessit,
539 3260 754 3313 semper
789 3243 896 3298 illis
931 3259 1104 3312 regeS,
1129 3245 1440 3302 tetrarchae
1464 3246 1761 3314 vectigales
1796 3263 1935 3317 esse,
