2269 3561
958 223 1378 273 JUGURTHA.
1966 228 2026 274 93

310 301 517 370 quibus
541 302 635 355 illa
659 302 838 370 epulis
866 302 1200 371 jucundiora
1225 311 1368 359 sunt.
1444 306 1653 357 Verum
1680 323 1786 358 non
1811 311 1900 360 est
1936 308 2025 362 ita.

312 380 464 432 Nam
486 378 582 431 ubi
609 394 667 432 se
692 379 915 447 flagitiis
949 380 1351 435 dedecoravere
1376 383 1695 450 turpissumi
1721 384 1838 451 viri,
1863 384 2025 437 bono-

309 472 435 508 rum
461 456 707 523 praemia
725 463 976 525 ereptum
1005 463 1154 513 eunt.
1214 459 1306 511 Ita
1331 458 1708 526 injustissume
1732 459 1949 513 luxuria
1971 464 2027 514 ct

309 532 545 600 ignavia,
578 550 865 602 pessumae
892 539 1059 603 arteS‚
1098 535 1206 588 illis
1243 535 1335 604 qui
1370 534 1586 588 coluere
1611 552 1703 588 eas
1743 536 1875 590 nihil
1914 537 2026 589 offi-

310 609 483 677 ciunt,
508 609 589 662 rei
611 609 862 678 publicae
888 611 1142 665 innoxiae
1176 611 1318 665 cladi
1357 616 1498 665 sunt.
1568 612 1620 665 N
1625 629 1730 665 unc
1769 614 2025 681 quoniam

309 685 437 751 illis,
464 691 727 753 quantum
755 704 933 739 mores
957 688 1082 753 mei,
1106 704 1214 740 non
1238 688 1455 740 illorum
1480 687 1687 756 flagitia
1710 690 2026 758 poscebant,

311 761 589 829 respondi,
610 780 781 830 pauca
808 764 878 816 de
902 781 963 816 re
988 763 1207 832 publica
1230 764 1436 832 loquar.
1514 764 1588 816 Pr
1608 782 1758 817 mum
1784 768 2021 818 omnium

311 838 387 891 de
409 839 672 891 Numidia
690 839 892 892 bonum
911 840 1115 895 habete
1134 841 1390 905 animum,
1411 841 1668 905 Quirites.
1719 842 1864 894 Nam
1883 860 2024 910 quac

310 913 387 967 ad
406 914 509 967 hoc
533 919 750 983 tempus
765 916 1101 983 ,Iugurtham
1129 923 1312 971 tutata
1337 921 1478 982 sunt,
1500 918 1679 970 omnia
1698 918 2024 982 removistiS‚

309 991 614 1055 avaritiam,
659 992 1003 1061 imperitiam,
1054 998 1224 1060 atque
1273 994 1597 1062 superbiam.
1672 995 1886 1047 Deinde
1935 1012 2026 1047 ex—

311 1067 518 1121 ercitus
557 1068 631 1119 ilfi
672 1075 771 1134 est,
813 1068 1053 1122 locorum
1105 1069 1296 1136 scienS,
1353 1067 1450 1122 sed
1498 1069 1809 1122 mehercule
1851 1070 2024 1135 magis

311 1146 571 1196 strenuus
597 1161 757 1212 quam
784 1144 946 1209 felix3
982 1162 1108 1197 nam
1144 1162 1340 1213 magna
1371 1162 1500 1213 pars
1526 1144 1646 1212 ejus
1675 1146 1903 1198 avaritia
1927 1151 2024 1198 aut

310 1220 631 1273 temeritate
664 1220 863 1274 ducum
898 1221 1093 1275 attrita
1126 1225 1226 1275 est.
1301 1220 1667 1286 Quamobrem
1693 1238 1799 1285 vos,
1825 1221 2024 1289 quibus

311 1297 566 1350 militaris
600 1301 753 1350 aetas
790 1301 889 1365 est,
930 1298 1235 1352 annitimini
1269 1315 1482 1351 mecum
1517 1302 1575 1351 et
1608 1298 1877 1365 capessite
1907 1314 2023 1351 rem

310 1373 621 1441 publicam3
656 1391 836 1443 neque
868 1392 1199 1443 quemquam
1228 1392 1295 1427 ex
1322 1373 1630 1428 calamitate
1665 1373 1892 1426 aliorum
1926 1379 2025 1428 aut

310 1450 703 1517 imperatorum
749 1450 1004 1517 superbia
1044 1456 1224 1504 metus
1267 1451 1488 1519 ceperit,
1562 1451 1796 1517 Egomet
1837 1450 1892 1502 in
1931 1468 2023 1519 ag-

311 1528 473 1593 mine,
496 1526 550 1577 in
574 1526 782 1594 proelio
817 1528 1093 1580 consultor
1125 1528 1272 1580 idem
1299 1530 1357 1579 et
1382 1527 1558 1580 socius
1591 1526 1818 1595 periculi
1845 1526 2023 1579 vobis-

311 1619 437 1656 cum
458 1602 641 1668 adero,
661 1620 859 1672 meque
875 1621 1080 1671 vosque
1097 1605 1152 1656 in
1174 1604 1424 1657 omnibus
1449 1603 1616 1657 rebus
1633 1602 1799 1671 juxta
1816 1620 2018 1671 geram.

311 1679 388 1732 Et
410 1680 657 1748 profecto
684 1679 770 1732 dis
802 1679 1125 1747 juvantibus
1158 1682 1336 1734 onmia
1368 1685 1585 1734 matura
1610 1684 1754 1747 sunt,
1779 1681 2022 1746 victoria,

309 1755 535 1826 praeda,
575 1756 722 1822 laus3
771 1774 911 1826 quae
950 1757 996 1810 si
1036 1757 1204 1811 dubia
1245 1762 1342 1812 aut
1379 1757 1566 1826 procul
1607 1761 1803 1823 essent,
1837 1760 2022 1811 tamen

311 1835 489 1887 omnis
521 1834 691 1887 bonos
725 1836 804 1888 rei
854 1835 1107 1904 publicae
1151 1836 1440 1888 subvenire
1484 1834 1730 1888 decebat.
1803 1835 2022 1887 Etenim

309 1926 471 1963 nemo
516 1911 729 1977 ignavia
777 1911 1103 1964 immortalis
1145 1911 1323 1964 factus
1366 1915 1465 1975 est,
1506 1928 1686 1978 neque
1735 1911 2020 1978 quisquam

309 2003 511 2056 parens
542 1987 731 2041 liberis
770 1992 833 2041 ut
870 1988 1081 2041 aeterni
1113 1988 1297 2040 forent
1329 1987 1557 2054 optavit,
1589 1986 1763 2053 magis
1787 1988 1871 2038 uti
1898 1986 2023 2037 boni

309 2062 637 2131 honestique
676 2065 844 2118 vitam
885 2063 1186 2130 exigerent.
1261 2063 1430 2115 Plura
1467 2062 1723 2126 dicerem,
1767 2061 2021 2125 Quirites,

311 2139 358 2192 si
377 2139 586 2192 timidis
601 2140 863 2194 virtuteni
880 2139 1048 2192 verba
1063 2138 1336 2193 adderent
1354 2160 1366 2204 ;
1401 2155 1528 2191 nam
1548 2137 1786 2191 strenuis
1805 2137 2023 2190 abunde

310 2215 522 2268 dictum
548 2216 724 2283 put0.’'

417 2298 498 2346 86.
575 2291 971 2360 Hujuscemodi
996 2293 1243 2345 oratione
1267 2291 1456 2344 habita
1481 2291 1705 2358 Marius,
1730 2294 2022 2360 postquam

308 2367 487 2437 plebis
513 2369 718 2421 animos
744 2373 985 2422 arrectos
1010 2367 1178 2435 videt,
1207 2384 1441 2436 propere
1476 2372 1795 2431 commeatu,
1824 2367 2024 2434 stipen-

310 2444 421 2510 dio,
461 2446 627 2497 armis
665 2445 895 2512 aliisque
937 2444 1167 2497 utilibus
1204 2444 1356 2497 navis
1395 2447 1616 2507 onerat;
1664 2460 1786 2496 cum
1826 2443 1911 2495 his
1956 2444 2021 2496 A.

310 2520 581 2574 Manlium
607 2521 845 2589 legatum
880 2520 1149 2589 proficisci
1179 2520 1359 2589 jubet.
1433 2520 1560 2589 Ipse
1585 2521 1795 2573 interea
1820 2519 2024 2572 milites

311 2596 568 2665 scribere,
595 2615 699 2650 non
727 2614 877 2650 more
903 2596 1188 2665 majorum,
1213 2614 1396 2666 neque
1423 2614 1490 2651 ex
1517 2597 1793 2664 classibUS,
1817 2596 1914 2649 sed
1940 2597 2023 2649 uti

310 2673 579 2742 cujusque
612 2674 797 2726 lubido
830 2677 966 2740 erat,
1000 2675 1182 2743 capite
1214 2691 1402 2727 censos
1436 2674 1737 2742 plerosque.
1813 2674 1832 2724 Ι
1843 2672 1880 2725 (1
1922 2673 2025 2725 fac-

310 2753 431 2803 tum
466 2749 556 2802 alii
592 2750 773 2818 inopia
811 2749 1091 2811 bonorum,
1132 2750 1220 2802 alii
1260 2767 1360 2818 per
1398 2749 1750 2802 ambitionem
1789 2749 2024 2801 consulis

310 2824 704 2889 memorabant,
746 2826 894 2892 quod
933 2825 1003 2877 ab
1038 2842 1102 2878 eo
1132 2843 1335 2893 genere
1374 2825 1683 2878 celebratus
1722 2829 2024 2890 auctusque

310 2905 450 2968 erat,
476 2905 534 2954 et
561 2902 762 2954 homini
798 2901 1100 2969 potentiam
1136 2902 1420 2970 quaerenti
1453 2902 1853 2968 egentissumus
1879 2901 2023 2968 quis-

310 2994 420 3046 que
446 2979 970 3046 opportunissumus‚
1002 2978 1089 3031 cui
1121 2996 1302 3047 neque
1328 2996 1424 3031 sua
1449 2994 1627 3043 curae,
1655 2978 1858 3046 quippe
1884 2994 2024 3045 quae

310 3053 462 3106 nulla
492 3057 631 3115 sunt,
658 3056 715 3106 et
740 3055 921 3106 onmia
954 3071 1074 3106 cum
1109 3055 1286 3122 pretio
1316 3054 1546 3107 honesta
1571 3054 1843 3107 videntur.
1920 3053 2026 3119 Igi-

311 3133 408 3184 tur
433 3128 640 3181 Marius
673 3146 796 3182 cum
832 3131 1111 3198 aliquanto
1152 3130 1360 3197 majore
1391 3147 1619 3183 numero
1646 3148 1807 3198 quam
1836 3130 2025 3182 decre-

261 3231 266 3235 ·
311 3209 433 3260 tum
476 3209 596 3259 erat
638 3206 694 3259 in
741 3206 982 3259 Africam
1027 3206 1304 3274 profectus
1343 3208 1529 3275 paucis
1573 3207 1764 3260 diebus
1806 3207 2023 3259 Uticam

311 3280 618 3335 advehitur.
692 3282 982 3336 Exercitus
1021 3282 1073 3335 ei
1111 3281 1355 3336 traditur
1393 3299 1425 3336 a
1467 3283 1525 3338 P.
1567 3283 1774 3335 Rutilio
1811 3282 2024 3347 legat03
