2269 3561
1017 213 1386 262 CATILINA.
1995 218 2057 264 25

350 311 383 348 a
417 295 677 348 Cicerone
700 295 1002 348 immissum
1029 294 1267 360 a’ebant,
1292 312 1361 348 ne
1387 294 1616 348 Crassus
1644 311 1795 349 more
1820 312 1916 349 suo
1942 313 2057 350 sus-

351 374 511 438 cepto
546 371 811 424 malorum
853 372 1154 440 patrocinio
1197 388 1311 425 rem
1361 371 1632 438 publicam
1671 371 2055 436 conturbaret3

349 447 528 515 ipsum
563 448 818 501 Crassum
853 465 953 515 ego
978 452 1171 515 postea
1194 447 1604 516 praedicantem
1636 448 1819 500 audivi
1842 451 2055 502 tantam

351 523 496 576 illam
523 524 903 577 contumeliam
929 524 1031 577 sibi
1057 523 1127 577 ab
1155 525 1413 578 Cicerone
1437 524 1767 592 impositam.
2003 517 2088 604 ssf:

454 607 536 655 49.
608 601 718 656 Sed
740 601 916 654 isdem
940 600 1282 669 temporibus
1308 602 1370 666 Q.
1396 601 1623 654 Catulus
1647 604 1704 654 et
1730 601 1787 655 C.
1817 601 1942 655 Piso
1965 619 2057 656 ne-

352 693 460 744 que
484 678 740 746 precibus
773 695 951 746 neque
980 678 1163 746 gratia
1191 695 1369 746 neque
1400 679 1578 746 pretio
1605 677 1922 731 Ciceronem
1955 678 2053 730 im-

350 753 556 820 pellere
581 759 825 822 potuere,
860 754 943 808 uti
967 771 1066 823 per
1104 754 1427 821 Allobroges
1459 758 1556 808 aut
1587 770 1689 822 per
1724 754 1889 807 alium
1920 754 2054 807 indi-

350 846 469 882 cem
510 830 567 883 C.
611 831 811 883 Caesar
846 831 978 884 falso
1012 830 1401 884 nominaretur.
1476 830 1617 882 Nam
1657 834 1890 899 uterque
1932 847 2055 883 cum

351 905 444 958 illo
480 907 660 973 gravis
695 906 1005 960 inimicitias
1048 906 1393 974 exercebant,
1445 905 1576 959 Piso
1616 910 1962 975 oppugnatus
1998 907 2054 959 in

344 980 554 1048 judicio
602 983 954 1051 pecuniarum
1005 982 1439 1052 repetundarum
1494 986 1721 1051 propter
1768 982 2051 1050 cujusdam

354 1057 729 1127 Transpadani
765 1059 1085 1148 supplicium
1114 1059 1396 1127 injustum,
1436 1058 1661 1111 Catulus
1691 1075 1758 1111 ex
1792 1059 2056 1126 petitione

352 1135 704 1202 pontificatus
729 1135 897 1188 odio
882 1153 1147 1200 incensus,
1187 1134 1336 1202 quod
1360 1138 1608 1187 extrema
1640 1138 1837 1202 aetate,
1869 1152 2056 1187 maxus

352 1210 456 1262 mis
504 1210 796 1264 honoribus
835 1229 980 1277 usus,
1028 1211 1097 1264 ab
1138 1210 1547 1264 adulescentulo
1598 1211 1832 1263 Caesare
1881 1211 2056 1264 victus

352 1286 692 1342 discesserat.
716 1276 877 1353 §Res
913 1291 1095 1340 autem
1132 1291 1441 1355 opportuna
1480 1286 1786 1353 videbatur,
1823 1287 1970 1354 quod
2007 1287 2055 1339 is

351 1365 471 1431 priv
474 1365 605 1417 atim
642 1365 865 1433 egregia
892 1363 1238 1430 liberalitate,
1276 1364 1490 1432 publice
1519 1363 1787 1416 maxumis
1822 1364 2055 1416 muneri-

351 1438 454 1492 bus
478 1442 741 1508 grandem
769 1440 1054 1509 pecuniam
1085 1439 1340 1493 debebat.
1415 1440 1525 1493 Sed
1554 1439 1648 1492 ubi
1683 1440 1958 1492 consulem
1983 1438 2056 1491 ad

350 1519 566 1569 tantum
599 1517 806 1570 facinus
835 1516 1117 1586 impellere
1149 1519 1447 1584 nequeunt,
1475 1516 1578 1584 ipsi
1608 1516 1919 1583 singulatim
1952 1515 2055 1569 cir-

348 1592 653 1646 cumeundo
682 1596 848 1662 atque
881 1592 1250 1659 ementiundO,
1282 1609 1422 1661 quae
1452 1609 1509 1646 se
1540 1609 1609 1646 ex
1642 1593 1926 1647 Volturcio
1959 1595 2054 1646 aut

350 1669 743 1738 Allobrogibus
791 1669 1010 1724 audisse
1061 1670 1324 1734 dicerent,
1372 1686 1623 1738 magnam
1672 1670 1750 1723 illi
1796 1669 2052 1722 iuvidiam

348 1746 713 1802 conflaverant
740 1764 912 1816 usque
938 1747 1076 1800 adeo
1101 1750 1165 1801 ut
1188 1746 1428 1800 nonnulli
1454 1747 1668 1816 equites
1696 1745 1939 1812 Romani,
1960 1745 2053 1814 qui

348 1824 607 1891 praesidii
645 1841 834 1877 caussa
869 1840 990 1877 cum
1020 1824 1147 1877 telis
1176 1826 1335 1876 erant
1364 1824 1567 1877 circum
1597 1824 1790 1878 aedem
1821 1823 2053 1876 Concor-

352 1898 490 1964 diae,
518 1917 613 1952 seu
641 1900 866 1968 periculi
890 1899 1264 1989 magnitudine
1297 1916 1394 1952 seu
1419 1900 1582 1952 animi
1615 1899 1921 1953 mobilitate
1955 1899 2053 1951 im-

350 1976 509 2044 pulsi,
533 1993 640 2044 quo
673 1977 916 2029 studium
946 1994 1104 2030 suum
1134 1977 1192 2029 in
1218 1993 1333 2029 rem
1365 1976 1637 2044 publicam
1670 1977 1867 2029 elarius
1892 1979 2062 2052 esset.

351 2051 657 2119 egredienti
684 2070 750 2105 cx
777 2058 970 2106 senatu
996 2053 1215 2106 Caesari
1240 2053 1423 2120 gladio
1448 2053 1848 2106 minitarentur.
2023 2057 2082 2117 “>

352 2173 356 2178 .
456 2135 538 2182 50.
612 2130 757 2182 Dum
797 2130 931 2182 haec
969 2129 1022 2181 in
1070 2133 1265 2182 senatu
1305 2133 1556 2195 aguntur,
1596 2134 1655 2182 et
1694 2129 1825 2181 dum
1859 2128 2055 2196 legatis

352 2205 714 2273 Allobrogum
741 2209 799 2260 et
824 2206 945 2259 Tito
967 2205 1249 2258 Volturcio
1264 2205 1615 2273 comprobato
1641 2221 1827 2258 eorum
1853 2205 2054 2258 indicio

349 2283 592 2350 praemia
617 2283 1001 2348 decernuntur,
1027 2281 1209 2334 liberti
1236 2286 1294 2335 et
1316 2282 1475 2349 pauci
1506 2299 1573 2333 ex
1599 2281 1890 2335 clientibus
1916 2281 2054 2334 Len-

350 2359 452 2411 tuli
477 2358 710 2412 divorsis
739 2358 1026 2412 itineribus
1057 2357 1279 2425 opifices
1308 2361 1476 2425 atque
1502 2358 1725 2412 servitia
1748 2359 1804 2411 in
1828 2352 1959 2411 vicis
1984 2358 2055 2410 ad

350 2451 475 2488 eum
496 2435 839 2503 cripiendum
865 2434 1247 2498 sollicitabant,
1274 2434 1477 2501 partim
1502 2435 1865 2502 exquirebant
1890 2434 2055 2487 duces

349 2511 779 2578 mu'titudinum‚
824 2512 917 2580 qui
964 2512 1142 2578 pretio
1191 2527 1307 2562 rem
1356 2510 1629 2578 publicam
1667 2528 1867 2564 vexare
1910 2512 2055 2563 soliti

351 2592 524 2641 erant.
621 2587 899 2655 Cethegus
947 2592 1130 2640 autem
1176 2601 1275 2653 per
1317 2586 1537 2639 nuntios
1584 2587 1842 2640 familiam
1892 2590 2057 2655 atque

350 2662 577 2716 libertos
602 2680 741 2728 suos,
757 2664 928 2716 lectos
953 2670 1010 2715 ct
1035 2662 1368 2716 exercitatos
1392 2663 1448 2714 in
1469 2663 1765 2727 audaciam,
1786 2662 1979 2716 orabat
1995 2668 2059 2715 ut

351 2755 520 2807 grege
543 2739 688 2793 facto
714 2757 835 2793 cum
865 2739 993 2792 telis
1023 2739 1089 2791 ad
1129 2755 1252 2792 sese
1279 2739 1663 2808 irrumperent.
1737 2739 1937 2792 Consul
1961 2738 2056 2791 ubi

353 2831 419 2868 ea
458 2816 640 2884 parari
682 2816 948 2883 cognovit,
990 2815 1271 2884 dispositis
1313 2815 1616 2884 praesidiis,
1657 2818 1720 2867 ut
1758 2831 1846 2867 res
1887 2819 2056 2882 atque

353 2895 572 2960 tempus
609 2892 882 2958 monebat,
922 2893 1215 2945 convocato
1254 2896 1447 2945 senatu
1484 2892 1654 2945 refert
1694 2892 1828 2960 quid
1866 2891 1938 2945 de
1974 2890 2057 2945 his

354 2969 474 3022 fieri
511 2969 740 3038 placeat,
777 2969 870 3037 qui
905 2969 957 3021 in
997 2969 1321 3022 custodiam'
1345 2968 1538 3022 traditi
1577 2973 1747 3022 erant.
1821 2968 1932 3022 Sed
1965 2985 2058 3022 eos

354 3046 516 3114 paulo
563 3050 692 3099 ante
738 3046 997 3113 frequens
1046 3050 1268 3100 senatus
1307 3045 1654 3114 judicaverat
1701 3048 1892 3098 contra
1940 3061 2055 3097 rem

354 3121 626 3190 publicam
659 3122 868 3175 fecisse.
949 3122 1083 3174 Tum
1120 3122 1186 3175 D.
1221 3122 1257 3174 J
1263 3122 1423 3174 unius
1456 3121 1908 3189 Silanu8‚pri1nus
1942 3136 2055 3171 sen-

355 3198 587 3251 tentiam
636 3202 876 3265 rogatuS‚
919 3198 1066 3266 quod
1109 3215 1175 3250 eo
1217 3201 1465 3266 tempore
1504 3197 1688 3250 consul
1739 3196 2057 3262 designatus

356 3276 491 3331 erat.
540 3273 612 3328 de
668 3272 754 3327 his
808 3275 900 3342 qui
958 3274 1014 3326 in
1062 3273 1327 3327 custodiis
1374 3274 1720 3339 tenebantur,
1769 3273 2057 3339 praeterea
