2269 3561
251 205 310 252 5¹
672 240 677 255 ψ
742 203 797 249 C.
837 200 1185 250 SALLUSTI
1219 199 1454 248 GRISPI

251 282 382 334 nihil
407 280 478 334 ad
504 280 876 347 vos.g>'IVer11m
903 297 1044 333 nunc
1068 284 1314 334 vostrum
1339 298 1568 349 regnum
1592 279 1759 334 armis
1784 283 1953 347 tenet,

251 375 356 425 me,
385 374 547 424 quem
575 374 667 409 vos
704 358 1090 424 imperatorem
1125 357 1381 411 Numidis
1414 358 1688 426 posuistis,
1714 357 1956 410 clausum

250 435 498 498 obsidet3
532 433 833 501 legatorum
877 434 1041 486 verba
1081 435 1272 502 quanti
1317 435 1509 487 fecerit
1550 434 1796 503 pericula
1833 450 1957 487 mea

251 512 551 565 declarant.
627 510 770 573 Quid
804 510 1094 578 reliquum,
1120 511 1223 563 nisi
1268 512 1345 564 vis
1377 516 1577 577 vostra,
1604 529 1711 580 quo
1747 511 1956 565 moveri

249 588 456 658 possit?
530 585 673 639 Nam
713 603 814 654 ego
846 586 1068 653 quidem
1100 587 1294 641 vellem
1332 593 1389 640 et
1425 587 1558 640 haec
1595 603 1738 656 quae
1763 587 1957 652 scrib0,

251 669 309 719 et
346 666 439 718 illa
478 679 618 731 quae
645 667 809 716 antea
842 663 897 715 in
935 668 1131 717 senatu
1171 670 1399 732 questus
1435 680 1571 731 sum,
1598 680 1736 717 vana
1772 665 1958 718 forent

248 745 434 811 potius
481 756 643 809 quam
690 739 909 792 miseria
952 755 1075 792 mea
1115 740 1281 793 fidem
1328 740 1509 794 verbis
1552 741 1774 794 faceret.
1846 741 1959 795 Sed

251 818 502 886 quoniam
535 834 599 870 eo
636 820 799 870 natus
824 832 945 869 sum
985 826 1045 869 ut
1079 816 1394 884 «Iugurthae
1421 817 1688 870 scelerum
1714 818 1952 870 ostentui

250 912 441 959 essem,
468 910 575 946 non
607 892 726 960 jam
762 896 996 945 mortem
1032 909 1210 959 neque
1245 909 1548 959 aerumnas,
1575 894 1956 947 tantummodo

247 972 451 1025 inimici
476 970 763 1039 imperium
791 972 849 1022 et
874 969 1149 1022 cruciatus
1173 970 1414 1036 corporis
1438 969 1725 1037 deprecor.
1764 970 1955 1037 Regno

250 1049 558 1113 Numidiae,
584 1045 731 1114 quod
755 1049 996 1099 vostrum
1024 1050 1123 1110 est,
1150 1046 1231 1098 uti
1259 1045 1426 1111 lubet,
1454 1045 1748 1108 consulite3
1774 1063 1861 1099 me
1885 1063 1954 1099 ex

250 1126 500 1180 manibus
524 1124 702 1191 impiis
728 1122 924 1190 eripite
961 1137 1061 1189 per
1084 1121 1432 1188 majestatem
1468 1122 1679 1189 imperi,
1703 1139 1805 1191 per
1828 1123 1957 1174 ami-

250 1205 409 1257 citiae
434 1202 616 1262 fidem,
643 1200 687 1252 si
712 1199 825 1252 ulla
862 1197 1010 1267 apud
1047 1213 1142 1250 vos
1167 1199 1429 1251 memoria
1452 1202 1700 1252 remanet
1723 1198 1811 1251 avi
1846 1200 1968 1257 meix
1989 1208 2034 1263 ἵ
2049 1222 2060 1231 ·

252 1278 619 1333 Masinissae.”
1965 1252 1990 1299 ³

357 1363 439 1409 25.
513 1355 618 1408 His
664 1352 867 1406 litteris
913 1351 1161 1405 recitatis
1208 1353 1361 1406 fuere
1410 1352 1504 1420 qui
1553 1353 1853 1406 exercitum
1901 1351 1958 1405 in

258 1433 501 1486 Africam
527 1428 857 1483 mittendum
885 1432 1187 1490 censerent,
1213 1433 1271 1480 et
1297 1445 1461 1495 quam
1487 1428 1719 1496 primum
1743 1428 1958 1481 Adher-

252 1510 359 1562 bali
386 1505 852 1568 subveniundum3
890 1504 959 1556 de
985 1504 1021 1556 J
1028 1504 1268 1571 ugurtha
1299 1505 1520 1557 interim
1545 1504 1626 1556 uti
1651 1505 1958 1558 consulere-

253 1592 357 1648 tur,
384 1584 642 1652 quoniam
675 1581 869 1648 legatis
899 1597 1006 1633 non
1044 1581 1335 1650 paruisset.
1404 1580 1514 1634 Sed
1545 1580 1614 1633 ab
1639 1581 1814 1633 isdem
1850 1581 1958 1634 illis

254 1663 398 1728 regis
421 1657 726 1713 fautoribus
752 1673 963 1709 summa
994 1673 1100 1726 ope
1133 1657 1358 1723 enisum,
1386 1674 1454 1710 ne
1490 1656 1647 1726 [tale]
1672 1656 1958 1710 decretum

255 1739 426 1793 fieret.
502 1735 592 1790 Ita
630 1735 828 1788 bonum
869 1732 1158 1802 publicum,
1197 1736 1261 1787 ut
1308 1734 1363 1787 in
1404 1734 1680 1804 plerisque
1727 1734 1960 1801 negotiis

254 1817 407 1881 solet,
435 1814 647 1882 privata
670 1812 849 1879 gratia
874 1811 1162 1864 devictum.
1211 1811 1491 1878 Legantur
1514 1815 1698 1864 tamen
1724 1811 1779 1863 in
1807 1811 1959 1863 Afri-

255 1909 371 1946 cam
397 1890 632 1959 majores
656 1891 804 1953 natu,
831 1885 1054 1952 nobileS,
1081 1887 1277 1955 amplis
1303 1886 1596 1939 honoribus
1620 1886 1733 1951 usi;
1757 1887 1811 1940 in
1837 1888 1960 1956 quis

253 1970 360 2022 fuit
385 1969 460 2021 M.
489 1968 739 2030 ScauruS,
766 1960 836 2016 de
864 1980 971 2031 quo
1007 1980 1174 2032 supra
1201 1964 1633 2029 memoravimus,
1659 1963 1959 2016 consularis

255 2051 313 2100 et
337 2050 457 2098 tum
481 2044 536 2096 in
564 2047 757 2096 senatu
781 2040 1046 2109 princeps,
1108 2039 1197 2105 Hi,
1227 2039 1376 2107 quod
1402 2057 1489 2092 res
1512 2040 1567 2092 in
1592 2039 1798 2092 invidia
1823 2045 1957 2107 erat,

255 2122 412 2176 simul
438 2126 496 2174 et
520 2120 590 2172 ab
620 2116 871 2171 Numidis
907 2116 1194 2176 obsecrati,
1220 2115 1404 2168 triduo
1441 2115 1620 2168 navim
1645 2116 1957 2182 ascendere,

256 2198 384 2250 dein
409 2197 562 2250 brevi
591 2194 808 2249 Uticam
846 2192 1059 2261 appulsi
1099 2191 1317 2244 litteras
1348 2191 1420 2243 ad
1457 2191 1795 2259 Jugurtham
1833 2193 1959 2245 mit-

256 2280 582 2341 t1u2t,quam
623 2270 889 2324 ocissume
925 2267 998 2321 ad
1030 2267 1365 2336 provinciam
1402 2267 1644 2335 accedat,
1682 2285 1851 2336 seque
1886 2269 1959 2321 ad

257 2366 378 2402 eum
407 2350 475 2401 ab
503 2351 695 2400 senatu
720 2345 925 2398 missos.
999 2343 1102 2396 Ille
1127 2343 1223 2395 ubi
1249 2343 1462 2411 accepit
1498 2342 1743 2396 homines
1768 2344 1957 2410 claros,

256 2442 487 2493 quorum
528 2422 909 2475 auctoritatem
952 2420 1159 2473 Romae
1197 2419 1403 2487 pollere
1440 2419 1741 2486 audiverat,
1769 2424 1960 2473 contra

225 2502 532 2567 'inceptum
575 2514 729 2550 suum
769 2498 989 2560 venisse,
1033 2496 1209 2564 primo
1259 2499 1563 2548 commotus
1602 2499 1756 2547 metu
1791 2499 1960 2563 atquc

256 2576 502 2630 lubidine
529 2575 777 2626 divorsus
801 2573 1130 2638 agitabatur.
1203 2571 1454 2624 Timebat
1477 2571 1614 2624 iram
1641 2576 1879 2639 senatus,
1904 2574 1961 2625 ni

258 2654 527 2722 paruisset
563 2650 787 2716 legatis3
823 2665 982 2715 porro
1019 2649 1231 2701 animus
1267 2647 1520 2715 cupidine
1551 2665 1743 2701 caecus
1773 2649 1845 2701 ad
1881 2650 1962 2702 in-

257 2734 478 2797 ceptum
511 2726 686 2781 scelus
724 2723 984 2792 rapiebat.
1059 2724 1207 2777 Vicit
1243 2727 1429 2776 tamen
1452 2724 1508 2777 in
1545 2724 1705 2777 avido
1742 2725 1960 2793 ingenio

257 2822 485 2876 pravum
518 2803 808 2858 consilium.
888 2802 1066 2869 Igitur
1095 2801 1341 2852 exercitu
1378 2800 1712 2854 circumdato
1751 2818 1962 2855 summa

258 2883 312 2936 vi
353 2882 559 2935 Cirtam
596 2880 898 2945 irrumpere
940 2877 1145 2939 nititur,
1185 2892 1438 2928 maxume
1475 2892 1698 2944 sperans
1737 2877 1962 2932 diducta

260 2975 425 3012 manu
459 2957 696 3009 hostium
734 2958 828 3007 aut
866 2954 916 3005 vi
950 2958 1047 3005 aut
1082 2951 1221 3003 dolis
1247 2967 1367 3004 sese
1392 2969 1576 3005 casum
1600 2955 1858 3007 victoriae
1880 2955 1962 3007 in-

261 3038 564 3088 venturum.
638 3030 796 3095 Quod
821 3030 915 3082 ubi
942 3045 1094 3081 secus
1130 3027 1380 3096 procedit
1405 3045 1584 3097 neque
1614 3030 1760 3097 quod
1785 3031 1962 3083 inten-

263 3111 423 3163 derat
447 3108 658 3160 efficere
696 3109 880 3174 potest
917 3109 980 3157 ut
1017 3104 1170 3173 prius
1208 3120 1372 3172 quain
1402 3104 1612 3172 legatos
1648 3108 1961 3160 conveniret

266 3185 598 3240 Adherbalis
646 3183 930 3252 potiretur,
978 3198 1048 3232 ne
1095 3179 1329 3248 amplius
1378 3183 1638 3236 morando
1682 3183 1959 3252 Scaurum,

265 3279 426 3332 quem
450 3261 762 3329 plurumum
786 3257 1083 3323 metuebat,
1103 3255 1439 3324 incenderet,
1455 3274 1579 3311 cum
1603 3259 1791 3327 paucis
1809 3260 1961 3328 cqui-
