2269 3561
954 210 992 258 J
999 209 1375 258 UGURTHA.
1958 217 2018 265 45

312 287 520 356 proelio
555 288 801 357 profugit
834 291 892 343 in
927 291 1262 360 provinciam
1300 307 1363 346 ac
1398 290 1598 345 deinde
1626 290 1855 346 Romam
1893 311 2019 348 con-

313 366 509 421 tendit.
599 367 734 420 Tum
785 368 1067 436 ‚Iugurtha
1126 369 1360 437 patratis
1419 367 1667 434 consiliis,
1727 374 2018 439 postquam

312 445 487 496 omnis
521 443 817 498 Nuunidiae
854 445 1185 513 potiebatur,
1209 446 1273 515 ⁸in
1307 445 1419 498 otio
1455 444 1665 497 facinus
1701 462 1856 498 suum
1894 464 2018 500 cum

312 521 490 573 animo
526 524 802 588 reputans,
838 522 1034 575 timere
1071 522 1330 589 populum
1370 521 1675 573 Romanum
1711 539 1888 590 neque
1922 524 2019 576 ad-

311 612 501 650 vorsus
535 598 674 650 iram
709 597 828 664 ejus
864 614 1091 666 usquam
1129 597 1233 650 nisi
1266 597 1322 650 in
1358 597 1592 650 avaritia
1624 597 1925 653 nobilitatis
1962 603 2021 654 et

311 674 540 741 pecunia
575 689 673 726 sua
709 690 861 741 spem
897 673 1114 726 habere.
1195 674 1394 742 Itaque
1436 673 1622 741 paucis
1665 673 1859 727 diebus
1895 691 2019 729 cum
2098 682 2104 687 '

309 766 442 802 auro
467 754 524 804 et
548 755 777 816 argento
802 750 973 803 multo
999 750 1209 818 legatos
1237 749 1467 802 Romam
1502 749 1690 815 mittit,
1718 750 1839 818 quis
1863 769 2020 820 prae-

309 826 470 893 cepit,
507 825 745 893 primum
772 826 865 879 ‘uti
901 829 1117 879 veteres
1153 827 1355 879 amicos
1390 825 1709 880 muneribus
1746 828 2019 896 expleant,

309 900 510 954 deinde
546 917 711 954 novos
746 902 1048 968 acquirant,
1084 906 1367 971 postremo
1412 919 1769 970 quaecunque
1807 905 2024 971 possint,

308 977 594 1045 largiundo
616 995 813 1047 parare
843 995 913 1032 ne
938 982 1279 1032 cunctentur.
1340 979 1446 1031 Sed
1470 977 1564 1030 ubi
1594 978 1824 1031 Romam
1850 979 2018 1047 legati

308 1071 507 1107 venere
545 1057 602 1108 et
639 1071 706 1108 ex
741 1059 1034 1124 praecepto
1071 1055 1219 1122 regis
1255 1053 1561 1122 hospitibus
1602 1053 1849 1123 aliisque,
1888 1073 2017 1124 quo-

306 1146 430 1182 rum
456 1147 521 1184 ea
544 1133 878 1199 tempestate
902 1132 957 1184 in
984 1135 1181 1184 senatu
1205 1130 1504 1185 auctoritas
1537 1129 1794 1198 pollebat,
1821 1148 2018 1200 magna

305 1223 536 1260 munera
568 1207 781 1273 misere,
808 1211 966 1260 tanta
1005 1208 1359 1260 commutatio
1392 1206 1618 1259 incessit
1653 1210 1717 1260 ut
1754 1224 1824 1261 ex
1866 1225 2017 1262 max-

304 1299 434 1334 uma
456 1283 661 1336 invidia
684 1284 738 1335 in
764 1284 1000 1350 gratiam
1031 1289 1089 1336 et
1117 1284 1358 1337 favorem
1390 1282 1700 1336 nobilitatis
1733 1283 1771 1335 J
1775 1285 2018 1351 ugurtha

306 1358 548 1424 veniret3
584 1376 814 1428 quorum
853 1376 979 1428 pars
1016 1376 1127 1426 spe,
1175 1360 1268 1413 alii
1305 1360 1544 1427 praemio
1585 1359 1798 1413 inducti
1835 1361 2015 1428 singu-

303 1433 385 1487 los
422 1452 491 1487 ex
525 1439 718 1489 senatu
749 1434 1046 1488 ambiundo
1081 1435 1408 1489 nitebantur
1442 1452 1511 1488 ne
1543 1435 1763 1502 gravius
1793 1437 1850 1489 in
1890 1454 2015 1490 eum

302 1510 695 1566 consuleretur.
758 1512 939 1579 Igitur
963 1511 1057 1564 ubi
1081 1510 1252 1579 legati
1279 1511 1414 1565 satis
1452 1511 1749 1576 confidunt,
1775 1511 1867 1566 die
1892 1530 2014 1565 con-

302 1587 499 1640 stituto
536 1592 754 1642 senatus
792 1589 1042 1655 utrisque
1079 1587 1259 1641 datur.
1334 1588 1472 1641 Tum
1501 1587 1877 1642 Adherbalem
1913 1588 2015 1657 hoc

299 1663 464 1716 modo
499 1663 740 1717 locutum
777 1664 1098 1732 accepimus,

260 1719 391 1818 >ff
408 1745 485 1794 14.
559 1741 588 1767 “
608 1740 801 1795 Patres
836 1739 1144 1809 conscripti.
1234 1739 1471 1808 Micipsa
1513 1742 1672 1809 pater
1709 1756 1864 1794 meus
1901 1757 2014 1795 mo-

299 1815 448 1868 riens
487 1817 619 1869 mihi
661 1817 956 1885 praecepit,
992 1818 1074 1870 uti
1105 1817 1263 1884 regni
1297 1816 1589 1868 Numidiae
1631 1819 2013 1871 tantummodo

301 1893 739 1960 procurationem
775 1895 1166 1945 existumarem
1203 1909 1397 1957 meam,
1424 1895 1669 1946 ceterum
1694 1892 1791 1960 jus
1827 1897 1886 1946 et
1918 1895 2014 1946 im-

300 1968 515 2035 perium
545 1967 665 2035 ejus
694 1984 862 2034 penes
904 1985 1000 2021 vos
1024 1984 1176 2033 esse3
1226 1968 1387 2020 simul
1421 1968 1658 2038 eniterer
1690 1968 1840 2022 domi
1875 1965 2020 2022 mili-⁷

300 2044 521 2112 tiaeque
551 2060 715 2112 quam
748 2060 1003 2096 maxumo
1044 2043 1166 2096 usui
1209 2060 1330 2096 esse
1367 2043 1569 2111 populo
1619 2043 1880 2112 RomanO,
1919 2063 2015 2099 vos

299 2121 432 2173 mihi
471 2124 842 2188 cognatorum,
873 2136 969 2173 vos
1005 2119 1246 2173 affinium
1282 2118 1401 2172 loco
1436 2119 1726 2186 ducerem3
1758 2122 1803 2175 si
1836 2138 1902 2175 ea
1937 2123 2013 2176 fe-

299 2197 511 2264 cissem,
558 2197 614 2250 in
656 2200 842 2249 vostra
890 2196 1132 2249 amicitia
1188 2196 1506 2262 exercitum,
1558 2195 1793 2265 divitias,
1843 2200 2013 2251 muni-

297 2276 487 2327 menta
510 2272 666 2341 regui
694 2290 781 2325 me
806 2271 1137 2325 habiturum.
1211 2272 1363 2336 Quae
1393 2288 1563 2340 quum
1596 2277 1891 2341 praecepta
1917 2292 2028 2344 pa·-

298 2350 471 2403 rentis
494 2350 603 2403 mei
626 2349 909 2417 agitarem,
928 2349 966 2401 J
968 2347 1224 2417 ugurtha,
1251 2348 1411 2402 homo
1430 2350 1669 2402 omnium
1696 2366 1834 2418 quos
1860 2356 2011 2405 terra

298 2426 535 2480 sustinet
559 2426 1039 2492 sceleratissumu8‚
1063 2428 1378 2493 contempto
1411 2425 1642 2494 imperio
1667 2430 1868 2493 vostro,
1896 2427 1952 2479 M
1958 2443 2011 2480 a·

298 2502 525 2556 sinissae
562 2520 651 2556 me
696 2506 952 2571 nepotem
992 2506 1051 2556 et
1089 2501 1209 2569 jam
1249 2502 1319 2554 ab
1369 2501 1542 2570 stirpe
1591 2503 1796 2557 socium
1840 2507 2010 2571 atque

297 2577 529 2632 amicum
566 2580 751 2649 populi
792 2578 1023 2632 Romani
1055 2594 1223 2645 regno
1251 2578 1593 2646 fortunisque
1630 2578 1880 2631 omnibus
1918 2596 2008 2632 ex-

296 2656 450 2724 pulit.
526 2657 716 2725 Atque
750 2673 867 2723 eg0,
902 2659 1090 2724 patres
1122 2655 1429 2722 conscripti,
1463 2655 1717 2722 quoniam
1755 2672 1820 2708 eo
1850 2656 2009 2708 mise-

297 2733 499 2785 riarum
538 2737 800 2786 venturus
830 2749 993 2799 eram,
1031 2731 1230 2785 vellem
1265 2731 1448 2799 potius
1477 2731 1547 2784 ob
1577 2747 1701 2783 mea
1736 2747 1900 2798 quam
1938 2730 2008 2783 ob

298 2808 567 2876 majorum
596 2825 838 2862 meorum
872 2808 1141 2861 beneficia
1172 2824 1331 2875 posse
1369 2824 1457 2860 me
1493 2824 1526 2860 a
1555 2806 1709 2859 vobis
1743 2805 2006 2859 auxilium

296 2889 503 2952 petere,
533 2901 597 2938 ac
628 2901 883 2938 maxume
919 2883 1109 2937 deberi
1140 2884 1274 2936 mihi
1303 2884 1566 2937 beneficia
1598 2898 1631 2935 a
1659 2882 1862 2951 populo
1899 2881 2008 2934 Ro-

299 2976 458 3014 mano
481 2960 677 3029 quibus
705 2978 811 3013 non
846 2976 1098 3027 egerem3
1125 2960 1425 3014 secundum
1461 2976 1540 3026 ea,
1570 2959 1616 3012 si
1641 2957 2009 3011 desideranda

298 3040 471 3104 erant,
496 3038 580 3090 uti
607 3036 808 3090 debitis
840 3041 1041 3090 uterer.
1114 3036 1224 3091 Sed
1249 3037 1503 3104 quoniam
1535 3051 1725 3102 parum
1751 3036 1876 3086 tuta
1906 3050 2008 3101 per

299 3129 359 3166 se
382 3113 502 3181 ipsa
534 3113 782 3182 probitas
811 3116 913 3181 est,
942 3129 1121 3181 neque
1151 3112 1280 3165 mihi
1313 3113 1369 3166 in
1400 3127 1570 3168 manu
1597 3109 1704 3163 fuit
1728 3108 2008 3175 ‚Iugurtha

298 3189 475 3258 qualis
510 3189 668 3256 foret,
708 3189 780 3243 ad
817 3206 912 3243 vos
949 3189 1181 3257 confugi,
1216 3192 1404 3257 patres
1441 3184 1751 3252 conscripti,
1791 3183 2005 3265 quibus:

298 3266 447 3334 quod
472 3265 604 3318 mihi
630 3265 1011 3335 miserrumum
1032 3269 1132 3322 est,
1158 3282 1321 3331 cogor
1346 3264 1498 3331 prius
1522 3261 1673 3314 oneri
1698 3273 1860 3326 quam
1885 3270 2009 3306 usui
