2269 3561
974 194 1187 243 CATIL
1194 195 1276 242 IN
1278 195 1343 242 A.
1952 189 2011 235 13

311 274 496 327 studia
532 274 807 328 hominum
848 275 1098 328 accendit
1141 274 1213 327 ad
1263 272 1603 328 consulatum
1642 267 2013 320 mandandum

312 349 389 403 M.
413 350 586 402 Tullio
627 351 888 404 Ciceroni.
961 351 1216 419 Namque
1254 352 1418 401 antea
1457 348 1718 414 pleraque
1757 342 2013 395 nobilitas

311 425 515 478 invidia
539 410 841 493 aestuabat,
867 431 924 480 et
948 427 1103 495 quasi
1130 424 1298 494 pollui
1333 420 1671 475 consulatum
1698 417 2011 485 credebant,

315 501 361 553 si
403 518 525 554 eum
570 504 815 571 quamvis
858 502 1108 568 egregius
1150 499 1313 551 homo
1354 512 1525 550 novus
1572 495 1807 563 adeptus
1854 493 2012 546 foret.

315 576 427 630 Sed
451 577 544 630 ubi
580 577 880 645 periculum
908 576 1145 642 advenit,
1170 574 1375 629 invidia
1398 575 1567 641 atque
1605 568 1860 639 superbia
1889 573 2015 637 post

313 653 480 707 fuere.

422 735 503 783 24.
577 730 757 799 Igitur
787 730 1020 784 comitiis
1052 728 1256 782 habitis
1288 726 1539 781 consules
1564 725 1915 778 declarantur
1940 722 2014 775 M.

317 804 523 859 'Pullius
548 809 606 859 et
645 806 701 860 C.
732 807 1019 860 Antonius
1094 804 1253 869 Quod
1284 805 1490 857 factum
1524 802 1700 869 primo
1739 800 2016 868 popularis

316 880 703 948 conjurationis
727 884 1087 934 concusserat.
1136 880 1332 947 Neque
1355 882 1542 931 tamen
1570 875 1838 930 Catilinae
1863 875 2018 926 furor

312 956 677 1022 minuebatur,
705 957 803 1010 sed
826 957 882 1008 in
906 955 1025 1008 dies
1061 955 1219 1022 plura
1242 954 1469 1021 agitare,
1495 969 1647 1005 arina
1671 967 1771 1019 per
1801 949 2017 1002 Italiam

318 1030 448 1084 locis
473 1032 789 1099 opportunis
813 1047 1023 1099 parare,
1040 1031 1326 1098 pecuniam
1354 1045 1451 1081 sua
1475 1032 1569 1080 aut
1588 1027 1883 1080 amicorum
1910 1025 2019 1079 fide

319 1110 592 1174 sumptam
616 1109 862 1159 mutuam
904 1105 1164 1157 Faesulas
1198 1104 1268 1156 ad
1295 1104 1559 1156 Manlium
1587 1101 1861 1169 quendam
1896 1119 2020 1170 por-

319 1185 456 1246 tare,
480 1182 574 1250 qui
613 1184 803 1249 postea
844 1182 1094 1249 princeps
1130 1181 1237 1233 fuit
1276 1179 1406 1231 belli
1440 1178 1694 1230 faciundi.
1772 1178 1851 1229 Ea
1887 1182 2021 1230 tem-

319 1260 538 1325 pestate
557 1257 836 1325 plurumos
852 1256 935 1324 cuj
943 1273 1115 1324 usque
1133 1255 1351 1324 generis
1375 1253 1619 1306 homines
1640 1254 1892 1306 ascivisse
1917 1253 2020 1306 sibi

322 1332 537 1398 dicitur,
583 1333 837 1386 mulieres
886 1332 1054 1385 etiam
1103 1332 1328 1399 aliquot,
1377 1346 1518 1398 quae
1565 1329 1740 1397 primo
1787 1330 2021 1396 ingentis

322 1412 572 1476 sumptus
611 1412 801 1476 stupro
848 1409 1088 1476 corporis
1137 1408 1522 1470 toleraverant,
1565 1409 1693 1474 post
1739 1404 1833 1457 ubi
1869 1410 2020 1459 aetas

321 1484 699 1537 tantummodo
739 1485 991 1552 quaestui
1031 1501 1214 1552 neque
1249 1481 1499 1535 luxuriae
1535 1481 1758 1534 modum
1796 1481 2019 1549 fecerat,

319 1575 414 1612 aes
438 1560 670 1613 alienum
703 1560 913 1626 grande
951 1560 1336 1614 conflaverant.
1413 1558 1522 1610 Per
1557 1575 1649 1612 eas
1686 1575 1744 1611 se
1784 1559 2022 1613 Catilina

320 1635 584 1689 credebat
619 1653 777 1705 posse
803 1637 1025 1689 servitia
1047 1635 1260 1688 urbana
1284 1633 1593 1701 sollicitare,
1620 1635 1815 1688 urbem
1843 1637 2017 1688 incen-

321 1711 468 1777 dere,
495 1712 639 1765 viros
665 1729 852 1766 earum
877 1712 962 1765 vel
988 1710 1294 1779 adjungere
1319 1711 1421 1764 sibi
1447 1711 1532 1764 vel
1559 1712 1880 1765 interficere.

426 1796 506 1842 25.
579 1790 689 1843 Sed
728 1791 783 1843 in
822 1790 907 1843 his
945 1792 1068 1842 erat
1107 1789 1441 1858 Sempronia,
1469 1805 1609 1857 quae
1647 1790 1821 1843 multa
1858 1807 2021 1859 saepe

322 1866 495 1919 virilis
519 1866 777 1919 audaciae
800 1866 1042 1919 facinora
1078 1866 1439 1919 commiserat.
1518 1866 1671 1918 Haec
1694 1867 1893 1918 mulier
1930 1884 2021 1934 g}-

323 1957 456 1994 nere
479 1944 646 2007 atque
665 1941 851 2007 forma,
878 1945 1167 2009 praeterea
1199 1942 1331 2008 vir0,
1355 1940 1543 1994 liberis
1580 1943 1713 1995 satis
1738 1942 2020 1995 fortunata

322 2017 459 2080 fuit;
493 2016 667 2069 literis
707 2017 929 2070 Graecis
969 2022 1027 2070 et
1068 2017 1282 2070 Latinis
1315 2016 1493 2083 docta,
1533 2018 1780 2086 psallere,
1821 2019 2023 2072 saltare

322 2093 627 2160 elegantius
665 2108 828 2160 quam
869 2109 1092 2145 necesse
1130 2096 1217 2144 est
1256 2092 1474 2160 probae,
1513 2094 1685 2147 multa
1717 2096 1839 2163 alia,
1883 2112 2023 2163 quae

321 2169 686 2223 instrumenta
711 2168 958 2222 luxuriae
983 2172 1125 2222 sunt.
1162 2168 1273 2222 Sed
1299 2169 1350 2221 ei
1375 2169 1584 2221 cariora
1609 2180 1825 2239 semper
1844 2172 2023 2224 omnia

322 2262 486 2313 quam
529 2245 696 2299 decus
735 2248 899 2314 atque
938 2244 1208 2314 pudicitia
1247 2244 1383 2308 fuit3
1430 2246 1692 2313 pecuniae
1731 2262 1797 2298 an
1846 2247 2023 2299 famae

322 2322 504 2375 minus
546 2327 814 2390 parceret,
857 2321 1002 2373 haud
1045 2321 1205 2373 facile
1254 2321 1623 2385 discerneres;
1670 2321 1912 2375 lubidine
1948 2323 2023 2375 sic

323 2415 550 2452 accensa
574 2403 637 2451 ut
670 2399 883 2465 saepius
917 2400 1136 2464 peteret
1168 2398 1313 2450 viros
1347 2414 1508 2465 quam
1545 2402 1840 2465 peteretur.
1914 2399 2024 2452 Sed

324 2492 391 2529 ea
414 2492 576 2543 saepe
609 2473 840 2527 antehac
877 2473 1044 2527 fidem
1078 2473 1415 2541 prodiderat,
1441 2474 1709 2527 creditum
1742 2474 2025 2542 abjurave-

324 2555 428 2617 rat,
454 2551 638 2604 caedis
661 2551 873 2603 conscia
904 2550 1100 2617 fuerat,
1125 2549 1342 2602 luxuria
1367 2553 1534 2617 atque
1558 2552 1742 2618 inopia
1764 2568 2025 2619 praeceps

324 2627 552 2681 abierat.
624 2626 833 2680 Verum
858 2626 1137 2695 ingenium
1163 2626 1284 2693 ejus
1318 2625 1465 2678 haud
1499 2626 1828 2692 absurdum3
1864 2644 2026 2697 posse

325 2720 515 2757 versus
555 2704 748 2770 facere,
764 2702 951 2769 jocum
986 2719 1223 2769 movere,
1250 2719 1497 2755 sermone
1533 2704 1614 2756 uti
1650 2703 1736 2756 vel
1776 2702 2026 2756 modesto

325 2780 413 2833 vel
437 2780 583 2832 molli
609 2780 695 2833 vel
719 2778 963 2848 procaci;
985 2795 1211 2848 prorsus
1236 2779 1440 2833 multae
1463 2780 1694 2833 facetiae
1713 2779 2027 2847 multusque

324 2854 477 2924 lepos
502 2857 690 2909 inerat.

430 2938 512 2987 26.
589 2932 695 2985 His
730 2931 897 2985 rebus
927 2933 1257 3000 comparatis
1284 2933 1516 2985 Catilina
1551 2932 1719 2985 nihilo
1755 2933 1935 2986 minus
1972 2935 2027 2989 in

325 3025 649 3078 proxumum
692 3025 892 3061 annum
932 3009 1273 3061 consulatum
1311 3008 1548 3076 petebat.
1578 3023 1817 3076 sperans,
1858 3011 1902 3062 si
1938 3010 2031 3063 de-

327 3085 574 3151 signatus
610 3084 769 3151 foret,
798 3084 954 3136 facile
995 3101 1053 3136 se
1087 3101 1156 3136 ex
1195 3084 1474 3135 voluntate
1511 3084 1755 3136 Antonio
1789 3103 2028 3139 usurum.

328 3160 524 3227 Neque
548 3161 759 3214 interea
784 3160 1004 3228 quietus
1028 3163 1164 3226 erat,
1189 3160 1287 3212 sed
1322 3159 1571 3212 omnibus
1603 3161 1782 3215 modis
1806 3162 2030 3215 insidias

325 3235 560 3307 parabat
586 3235 846 3292 Ciceroni.
919 3235 1116 3303 Neque
1139 3235 1218 3290 illi
1242 3239 1427 3291 tamen
1449 3235 1523 3291 ad
1547 3238 1849 3294 cavendum
1874 3236 2031 3290 dolus
