2269 3561
952 170 1253 219 CATILIN
1255 172 1321 220 A.
1930 178 1991 225 15

278 249 515 317 generis,
550 266 782 317 quorum
817 250 874 302 in
911 267 975 304 ea
1006 251 1230 318 regione
1263 269 1460 320 magna
1496 253 1651 321 copia
1689 258 1826 323 erat,
1862 273 1993 310 non-

280 325 458 379 nullos
495 342 561 378 ex
600 325 835 379 Sullanis
873 327 1087 393 colonis,
1121 327 1322 395 quibus
1359 328 1546 382 lubido
1575 335 1744 398 atque
1775 332 1993 386 luxuria

281 418 351 454 ex
377 402 589 470 magnis
612 402 816 471 rapinis
842 403 974 455 nihil
998 404 1197 471 reliqui
1223 405 1479 458 fecerant.

385 485 467 532 23.
540 479 621 531 Ea
661 497 829 547 quum
867 480 1113 533 Ciceroni
1151 481 1553 550 nuntiarentur,
1589 483 1814 553 ancipiti
1847 485 1991 538 malo

281 559 574 623 permotus,
601 554 749 623 quod
776 573 952 624 neque
976 556 1168 609 urbem
1196 557 1266 610 ab
1291 557 1502 611 insidiis
1528 559 1743 627 privato
1768 561 1991 613 consilio

281 630 495 698 longius
533 633 678 685 tueri
721 637 953 701 poterat,
1003 651 1182 702 neque
1222 635 1497 687 exercitus
1545 635 1714 687 Manli
1755 640 1991 704 quantus

283 712 379 761 aut
403 724 510 776 quo
536 710 758 762 consilio
782 711 925 763 foret
956 710 1089 763 satis
1118 714 1456 777 compertum
1489 711 1744 777 habebat,
1773 730 1888 765 rem
1916 713 1990 766 ad

283 789 533 838 senatum
562 787 735 839 refert
759 787 877 854 jam
913 791 1076 840 antea
1108 787 1254 854 volgi
1295 787 1601 839 rumoribus
1635 789 1986 855 exagitatam,

285 860 497 930 Itaque,
527 863 675 930 quod
708 863 1032 932 plerumque
1056 864 1113 916 in
1139 865 1313 917 atroci
1338 864 1558 932 negotio
1585 865 1739 928 solet,
1767 869 1988 919 senatus

284 937 545 1007 decrevit,
588 940 796 993 Darent
825 957 1047 1008 operam
1082 941 1343 1008 consules,
1374 957 1443 993 ne
1473 941 1607 1009 quid
1645 957 1734 994 res
1771 941 1990 1009 publica

284 1014 602 1069 detrimenti
645 1022 880 1085 caperet.
970 1018 1051 1070 Ea
1099 1021 1347 1086 potestas
1395 1034 1495 1085 per
1544 1021 1794 1071 senatum
1838 1035 1989 1071 more

285 1091 528 1145 Romano
576 1093 922 1160 magistratui
970 1110 1227 1146 maxuma
1278 1094 1634 1162 permittitur,
1685 1095 1986 1147 exercitum

281 1184 490 1235 parare,
529 1168 731 1221 bellum
770 1185 977 1236 gerere,
1019 1185 1270 1223 coercere
1313 1167 1562 1222 omnibus
1604 1168 1780 1221 modis
1818 1170 1987 1222 socios

283 1247 450 1311 atque
482 1245 628 1312 civis,
660 1244 806 1297 domi
843 1245 1177 1313 militiaeque
1206 1245 1498 1312 imperium
1528 1249 1695 1312 atque
1718 1244 1986 1312 judicium

284 1336 553 1373 summum
584 1321 817 1385 habere3
855 1320 1016 1373 aliter
1041 1321 1157 1373 sine
1178 1320 1366 1390 populi
1389 1319 1552 1386 jussu
1575 1319 1775 1372 nullius
1800 1337 1986 1373 earum

283 1411 465 1448 rerum
492 1398 696 1450 consuli
714 1397 810 1465 jus
836 1403 935 1450 est.

388 1478 468 1526 30.
543 1473 676 1526 Post
708 1491 909 1544 paucos
944 1473 1063 1527 dies
1099 1473 1159 1526 L.
1187 1473 1413 1526 Saenius
1449 1477 1670 1526 senator
1704 1474 1759 1526 in
1793 1479 1986 1529 senatu

282 1547 470 1602 literas
509 1549 774 1615 recitavit,
817 1567 953 1618 quas
994 1549 1240 1603 Faesulis
1279 1549 1472 1602 allatas
1511 1548 1613 1601 sibi
1656 1549 1890 1616 dicebat,
1931 1552 1986 1603 in

284 1624 483 1693 quibus
527 1626 788 1694 scriptum
833 1630 954 1680 erat
1006 1626 1061 1678 C.
1102 1625 1368 1678 Manlium
1413 1642 1564 1677 arma
1612 1626 1822 1694 cepisse
1864 1644 1986 1680 cum

281 1715 477 1768 magna
504 1701 857 1754 multitudine
888 1705 1017 1754 ante
1051 1701 1198 1754 diem
1228 1716 1303 1754 Ἦ.
1332 1700 1612 1754 Kalendas
1647 1701 1985 1757 Novembris

283 1776 468 1842 Simul,
494 1777 552 1830 id
584 1778 731 1846 quod
763 1778 818 1831 in
852 1777 950 1832 tali
978 1795 1040 1831 re
1070 1777 1223 1842 solet,
1256 1777 1345 1830 alii
1378 1780 1636 1845 portenta
1666 1783 1833 1848 atque
1866 1797 1989 1848 pro-

283 1852 431 1920 digia
482 1853 822 1921 nuntiabant,
873 1854 962 1906 alii
1020 1857 1317 1906 conventus
1370 1853 1505 1920 fieri,
1554 1871 1707 1907 arma
1762 1858 1987 1924 portari,

285 1928 502 1997 Capuae
535 1934 701 1997 atque
734 1930 788 1983 in
820 1930 1019 1997 Apulia
1054 1929 1250 1982 servile
1283 1928 1486 1981 bellum
1511 1933 1732 1984 moveri.
1810 1933 1991 1999 Igitur

283 2005 458 2058 senati
502 2005 727 2058 decreto
773 2006 830 2069 Q.
868 2005 1108 2058 Marcius
1150 2005 1269 2057 Rex
1315 2004 1588 2071 Faesulas,
1631 2007 1692 2071 Q.
1732 2007 1991 2061 Metellus

285 2081 537 2134 Creticus
570 2082 625 2134 in
657 2082 918 2152 Apuliam
951 2081 1266 2149 circumque
1300 2097 1365 2133 ea
1397 2080 1516 2132 loca
1552 2081 1733 2147 missi;
1769 2082 1825 2134 hi
1857 2084 1991 2136 utri-

283 2175 389 2226 que
419 2158 490 2210 ad
517 2159 708 2212 urbem
734 2159 1093 2226 imperatores
1120 2160 1290 2222 erant,
1319 2155 1572 2224 impediti
1601 2173 1671 2209 ne
1697 2158 1992 2226 triumpha-

281 2239 407 2287 rent
444 2235 713 2289 calumnia
748 2250 1058 2304 paucorum,
1098 2232 1298 2302 quibus
1334 2232 1515 2284 omnia
1556 2232 1786 2286 honesta
1822 2239 1989 2303 atque

280 2309 568 2364 inhonesta
593 2311 830 2364 vendere
855 2327 971 2363 mos
996 2314 1145 2375 erat3
1183 2310 1280 2363 sed
1304 2312 1587 2378 praetores
1615 2313 1674 2374 Q.
1698 2310 1989 2379 Pompeius

283 2386 459 2440 Rufus
493 2387 750 2455 Capuam,
786 2388 848 2452 Q.
882 2387 1142 2441 Metellus
1183 2386 1341 2439 Ce'er
1379 2386 1430 2438 in
1473 2402 1664 2453 agrum
1707 2386 1983 2455 Picenum,

278 2463 473 2531 hisque
505 2464 828 2532 permissum
854 2464 936 2516 uti
970 2479 1071 2532 pro
1096 2467 1345 2531 tempore
1375 2466 1541 2530 atque
1569 2462 1811 2531 periculo
1836 2480 1989 2516 exer-

279 2540 448 2592 citum
491 2543 887 2608 compararent.
974 2539 1069 2592 Ad
1110 2538 1225 2604 hoc,
1268 2539 1313 2591 si
1357 2539 1479 2607 quis
1521 2538 1872 2592 indicavisset
1914 2538 1984 2592 de

281 2616 668 2683 conjuratione,
688 2632 830 2684 quae
855 2620 1047 2670 contra
1071 2632 1188 2668 rem
1212 2614 1485 2682 publicam
1510 2614 1652 2667 facta
1677 2619 1811 2672 erat,
1835 2631 1987 2682 prae-

281 2692 450 2744 mium
488 2693 780 2746 decreverc
820 2708 976 2744 servo
1014 2691 1324 2745 libertatem
1366 2693 1424 2743 et
1459 2690 1713 2743 sestertia
1744 2694 1982 2757 centum,

279 2767 452 2821 libero
485 2768 869 2838 impunitatem
897 2767 1015 2834 ejus
1044 2767 1123 2820 rei
1153 2769 1211 2819 et
1240 2767 1495 2819 sestertia
1526 2766 1791 2830 ducenta;
1827 2765 1986 2818 item-

281 2860 389 2912 que
426 2844 731 2909 decrevere,
763 2844 844 2895 uti
880 2842 1237 2911 gladiatoriae
1278 2841 1512 2894 familiae
1550 2842 1792 2910 Capuam
1834 2845 1891 2895 ct
1930 2843 1985 2895 in

280 2924 464 2972 cetera
503 2920 793 2988 municipia
831 2918 1297 2972 distribuerentur
1334 2934 1433 2985 pro
1471 2917 1734 2986 cujusque
1771 2918 1982 2986 opibUS,

283 2995 489 3049 Romae
534 3013 636 3065 per
683 2997 857 3050 totam
907 2994 1099 3049 urbem
1150 2994 1366 3062 vigiliae
1411 2993 1760 3061 haberentur,
1807 2994 1983 3063 iisque

280 3073 517 3126 minores
543 3073 898 3140 magistratus
923 3075 1255 3140 praeessent.

388 3155 468 3202 31.
542 3148 750 3213 Quibus
789 3148 952 3201 rebus
991 3151 1241 3217 permota
1269 3146 1463 3199 civitas
1494 3150 1663 3213 atque
1695 3146 1986 3198 immutata

280 3224 434 3281 urbis
458 3224 622 3281 facies
640 3229 791 3291 erat;
827 3241 894 3280 cx
921 3240 1131 3280 summa
1156 3223 1369 3279 laetitia
1392 3226 1557 3294 atque
1583 3221 1817 3286 lascivia,
1842 3236 1985 3289 quae
