2269 3561
546 228 600 275 O.
641 227 987 276 SALLUSTI
1023 228 1262 276 CRISPI
1296 228 1334 276 J
1339 227 1716 277 UGURTHA.
1919 231 1982 278 39

270 306 464 360 -luxum
505 309 674 376 atque
716 308 988 374 ignaviam
1029 311 1274 362 aetatem
1312 311 1499 376 agunt,
1544 312 1790 363 ceterum
1832 307 1982 376 inge-

273 385 442 450 nium,
466 400 575 452 quo
606 401 784 451 neque
818 384 1012 437 melius
1043 401 1224 454 neque
1255 385 1490 453 amplius
1514 384 1662 438 aliud
1695 385 1751 437 in
1784 387 1983 437 natura

268 461 585 515 mortalium
614 464 710 525 est,
734 461 941 513 incultu
974 465 1142 529 atque
1169 461 1416 514 secordia
1449 464 1759 530 torpescere
1785 461 1982 520 sinunt,

273 554 443 606 quum
468 537 794 606 praesertim
814 541 928 589 tam
953 538 1160 590 multae
1179 538 1471 606 variaeque
1497 538 1606 591 sint
1625 540 1774 590 artes
1797 536 1981 603 animi,

274 613 475 682 quibus
500 630 712 666 summa
737 612 1008 666 claritudo
1032 619 1270 682 paratur.

379 696 424 744 3.
500 688 710 742 Verum
741 706 810 741 ex
838 689 922 742 his
957 690 1310 758 magistratus
1340 693 1398 743 et
1431 690 1675 759 imperia,
1703 693 1981 758 postremo

272 767 449 819 omnis
473 783 605 819 cura
629 783 810 819 rerum
834 766 1174 835 publicarum
1201 767 1442 820 minume
1461 766 1592 820 mihi
1616 767 1719 820 hac
1741 770 1980 835 tempes-

272 845 392 896 tate
431 842 707 910 cupiunda
745 841 1017 911 videntur,
1061 844 1317 912 quoniam
1359 861 1537 912 neque
1575 843 1766 897 virtuti
1810 843 1980 896 honos

273 918 455 985 datur,
479 934 658 986 neque
687 918 780 985 illi,
808 919 1006 986 quibus
1034 937 1138 989 per
1164 920 1414 973 fraudem
1443 921 1491 973 is
1514 920 1630 982 fuit,
1656 920 1765 973 tuti
1794 922 1891 972 aut
1916 935 1981 972 eo

272 994 448 1061 magis
471 994 687 1047 honesti
710 998 853 1048 sunt.
907 995 959 1048 N
963 1012 1052 1048 am
1076 996 1130 1048 vi
1155 996 1379 1062 quidem
1405 1013 1599 1064 regere
1622 997 1856 1064 patriam
1884 999 1981 1047 aut

273 1072 547 1138 parente8‚
568 1087 895 1138 quamquam
923 1076 981 1124 et
1005 1073 1181 1140 possis
1205 1077 1263 1125 et
1289 1071 1492 1125 delicta
1515 1073 1754 1139 corrigas
1794 1079 1981 1124 tamen

272 1147 649 1215 importunum
683 1150 782 1214 est,
811 1165 978 1215 quum
1013 1148 1339 1216 praesertim
1374 1164 1562 1201 omnes
1595 1165 1780 1201 rerum
1804 1150 1982 1200 muta-

274 1222 453 1275 tiones
475 1222 714 1286 caedem,
737 1223 920 1290 fugam
956 1223 1172 1292 aliaque
1205 1223 1426 1277 hostilia
1450 1224 1813 1292 portendant3
1846 1223 1984 1276 frus-

274 1301 366 1352 tra
411 1302 596 1352 01110111
634 1299 753 1363 11111,
792 1316 970 1366 neque
1018 1299 1169 1353 aliud
1218 1316 1277 1353 80
1314 1300 1598 1368 fatigando
1645 1300 1750 1352 nisi
1797 1298 1982 1352 odium

274 1391 541 1443 quaerere
577 1379 859 1428 extremae
894 1375 1206 1430 dementiae
1240 1380 1355 1441 est3
1389 1377 1492 1430 nisi
1526 1377 1671 1430 forte
1706 1392 1868 1443 quem
1902 1376 1982 1427 in-

274 1450 507 1504 honesta
538 1456 598 1505 et
627 1452 931 1519 perniciosa
963 1452 1151 1506 lubido
1183 1456 1340 1506 tenet
1371 1453 1650 1521 potentiae
1683 1468 1981 1520 paucorum

274 1527 442 1581 decus
467 1531 634 1595 atque
659 1527 974 1582 libertatem
1002 1546 1155 1582 suam
1180 1529 1492 1596 gratificari.

377 1610 426 1657 4.
497 1604 756 1658 Ceterum
787 1622 857 1658 ex
891 1604 1010 1657 aliis
1043 1606 1292 1672 negotiis,
1321 1622 1461 1673 quae
1484 1605 1703 1672 ingenio
1728 1620 1982 1658 exercen-

272 1684 379 1746 tur,
404 1681 460 1734 in
486 1681 674 1748 primis
704 1698 900 1749 magno
924 1682 1049 1735 usui
1074 1686 1160 1735 est
1190 1683 1449 1735 memoria
1473 1698 1656 1733 rerum
1685 1684 1978 1749 gestarum.

274 1757 448 1826 Cujus
473 1757 543 1811 de
562 1758 767 1813 virtute
787 1759 916 1827 quia
940 1759 1097 1813 multi
1125 1758 1317 1813 dixere
1341 1758 1803 1828 praetereundum
1829 1761 1981 1827 put0,

276 1835 434 1889 simul
458 1852 527 1888 ne
551 1852 650 1903 per
673 1836 1015 1889 insolentiam
1037 1835 1162 1904 quis
1187 1837 1483 1889 existumet
1506 1839 1712 1889 memet
1736 1835 1979 1888 studium

276 1928 458 1964 meum
491 1910 765 1964 laudando
799 1913 1078 1966 extollere.
1157 1915 1344 1981 Atque
1378 1929 1479 1979 ego
1511 1912 1675 1965 credo
1706 1913 1839 1978 fore,
1868 1910 1979 1978 qui,

277 1987 409 2056 quia
443 1986 660 2040 decrevi
695 1988 882 2054 procul
919 2004 953 2041 a
992 2005 1054 2042 re
1091 1988 1308 2057 publica
1341 1992 1577 2042 aetatem
1613 2005 1790 2056 agere,
1823 1991 1981 2040 tanto

275 2067 502 2131 tamque
521 2062 643 2115 utili
668 2062 842 2115 labori
866 2081 989 2117 meo
1007 2081 1203 2118 nomen
1228 2065 1461 2118 inertiae
1485 2065 1772 2132 imponant
1789 2083 1800 2126 3
1829 2068 1982 2116 certe

275 2139 475 2208 quibus
516 2156 771 2192 maxuma
811 2140 1083 2194 industria
1120 2140 1341 2194 videtur
1384 2140 1623 2193 salutare
1665 2140 1880 2208 plebem
1925 2143 1983 2192 et

274 2216 534 2269 conviviis
556 2216 791 2283 gratiam
818 2233 1102 2284 quaerere.
1161 2217 1266 2281 Qui
1293 2217 1337 2269 81
1362 2216 1754 2285 reputaverint,
1781 2219 1839 2268 et
1864 2215 1981 2284 qui-

273 2291 379 2346 bus
412 2308 513 2359 ego
543 2292 880 2360 temporibus
915 2294 1273 2361 magistratus
1306 2294 1540 2361 adeptus
1569 2293 1684 2358 sim,
1711 2296 1769 2346 et
1795 2292 1982 2360 quales

273 2368 377 2421 viri
419 2367 567 2421 idem
604 2369 821 2436 assequi
865 2369 1225 2438 nequiverint,
1263 2373 1321 2423 et
1363 2372 1555 2437 postea
1598 2385 1736 2437 quae
1778 2384 1982 2435 genera

272 2444 554 2498 hominum
599 2444 657 2497 in
704 2448 956 2498 senatum
995 2445 1364 2513 pervenerint,
1404 2445 1651 2513 profecto
1689 2444 1982 2497 existuma-

272 2521 415 2574 bunt
440 2536 528 2573 me
551 2521 725 2588 magis
750 2522 947 2574 merito
969 2539 1127 2589 quam
1157 2521 1375 2590 ignavia
1390 2520 1663 2588 judicium
1684 2522 1847 2573 animi
1873 2521 1981 2573 mei

273 2597 589 2664 mutavisse,
616 2597 903 2665 majusque
933 2598 1276 2651 commodum
1312 2614 1381 2649 ex
1414 2597 1527 2650 otio
1560 2614 1684 2651 meo
1714 2614 1877 2666 quam
1912 2614 1980 2649 ex

274 2672 506 2726 aliorum
530 2674 766 2740 negotiis
789 2674 868 2726 rei
893 2673 1144 2742 publicae
1163 2677 1467 2727 venturum.
1525 2673 1666 2726 Nam
1694 2691 1856 2741 saepe
1883 2689 1982 2740 ego

272 2748 457 2803 audivi
496 2749 557 2812 Q.
591 2749 928 2815 Maxumum,
969 2749 1026 2803 P.
1059 2750 1384 2819 Scipionem,
1419 2754 1709 2817 praeterea
1745 2750 1983 2802 civitatis

273 2830 496 2879 nostrae
527 2826 836 2893 praeclaros
864 2826 1009 2879 viros
1043 2827 1233 2880 solitos
1265 2826 1345 2878 ita
1378 2825 1576 2892 dicere,
1612 2842 1780 2893 quum
1814 2825 1982 2892 lna-jo-

273 2917 397 2955 rum
422 2901 686 2967 imagines
709 2902 1071 2967 intuerentur,
1089 2901 1585 2955 vehementissume
1610 2900 1713 2954 sibi
1741 2901 1979 2954 animum

273 2977 348 3031 ad
391 2978 649 3030 virtutem
692 2978 943 3042 accendi;
994 2979 1201 3032 scilicet
1244 2995 1349 3031 non
1389 2994 1568 3031 ceram
1611 2978 1761 3031 illam
1803 2995 1982 3047 nequo

273 3054 506 3122 figuram
537 3056 747 3107 tantam
774 3054 881 3106 vim
906 3055 963 3106 in
989 3071 1107 3108 sese
1132 3053 1350 3121 habere,
1378 3054 1474 3108 sed
1510 3056 1769 3109 memoria
1798 3071 1980 3107 rerum

272 3134 555 3198 gestarum
591 3146 712 3182 00111
748 3129 1020 3183 flammam
1059 3131 1295 3198 egregiis
1333 3131 1463 3183 viris
1498 3131 1553 3183 in
1589 3135 1812 3198 pectore
1845 3148 1983 3184 crea-

272 3223 413 3268 cere,
438 3221 614 3271 neque
645 3206 798 3273 prius
831 3205 1013 3259 sedari
1044 3223 1209 3275 quam
1235 3206 1409 3258 virtus
1444 3223 1631 3259 eorum
1667 3207 1865 3259 famam
1902 3213 1981 3257 at-

273 3298 383 3352 que
410 3280 636 3348 gloriam
671 3281 1076 3351 adaequaverit.
1154 3284 1235 3337 At
1259 3285 1449 3335 contra
1474 3282 1596 3350 quis
1625 3284 1711 3336 est
1739 3280 1978 3334 omnium
