2269 3561
278 208 340 260 78
777 206 831 256 O.
871 202 1221 253 SALLUSTI
1256 202 1485 251 CRISPI

280 288 602 356 elephantos
650 287 841 354 omnis,
889 302 1156 355 equorum
1205 288 1265 338 et
1306 299 1584 338 armorum
1630 282 1988 352 aliquantum.

282 367 431 428 Quae
456 366 745 432 postquam
783 364 899 418 sine
936 379 1088 415 mora
1121 362 1268 415 facta
1303 363 1446 430 sunt,
1472 359 1637 429 jubet
1670 361 1842 436 omnis
1867 376 1994 427 per-

278 440 435 506 fugas
461 439 669 493 vinctos
704 438 919 493 adduci.
992 439 1196 492 Eorum
1235 454 1433 505 magna
1471 453 1612 506 pars,
1654 436 1737 489 uti
1767 434 1994 503 jussum

280 519 415 580 erat,
468 515 724 581 adducti3
784 516 959 584 pauci,
1017 531 1185 582 quum
1241 515 1475 581 primum
1531 512 1742 566 deditio
1791 513 1993 581 coepit,

280 592 351 644 ad
394 608 579 659 regem
619 591 893 645 Bocchum
932 592 986 644 in
1028 591 1429 644 Mauretaniam
1468 589 1731 643 abierant.
1810 589 1995 656 Igitur

280 669 317 721 J
323 668 575 735 ugurtha,
617 668 710 720 ubi
748 669 912 721 armis
939 668 1178 736 virisque
1217 671 1274 720 et
1313 666 1544 735 pecunia
1582 665 1843 733 spoliatus
1885 669 1994 731 est,

281 761 448 812 quum
485 744 604 812 ipse
637 744 708 796 ad
741 744 1118 812 imperandum
1157 743 1421 796 Tisidium
1459 745 1760 809 vocaretur,
1797 758 1994 794 rursus

280 821 460 887 coepit
507 820 729 873 flectere
776 820 1014 872 animum
1064 836 1221 872 suum
1265 825 1323 872 et
1365 836 1433 872 ex
1477 819 1619 872 mala
1660 819 1996 871 conscientia

282 896 447 964 digna
471 897 679 950 timere.
755 896 1003 964 Denique
1027 897 1213 950 multis
1238 895 1433 949 diebus
1461 912 1562 963 per
1587 894 1993 948 dubitationem

282 974 631 1041 consumptis,
656 990 823 1041 quum
857 973 1018 1026 modo
1057 973 1242 1026 taedio
1278 990 1461 1025 rerum
1493 972 1848 1025 advorsarum
1874 988 1992 1024 om-

281 1050 373 1102 nia
409 1048 553 1102 bello
591 1050 807 1118 potiora
850 1048 1091 1114 duceret,
1130 1049 1409 1102 interdum
1449 1065 1631 1102 secum
1670 1048 1787 1116 ipse
1827 1064 1994 1115 repu-

282 1130 441 1190 taret,
468 1142 633 1194 quam
675 1126 857 1193 gravis
894 1143 1051 1180 casus
1094 1127 1149 1179 in
1190 1126 1471 1178 servitium
1512 1142 1582 1178 ex
1622 1142 1789 1192 regno
1832 1124 1994 1192 foret,

282 1202 468 1255 multis
510 1202 829 1269 magnisque
878 1202 1166 1271 praesidiis
1215 1202 1576 1269 nequicquam
1624 1201 1874 1271 perditis,
1920 1200 1994 1253 de

282 1279 495 1345 integro
542 1278 745 1331 bellum
793 1280 971 1332 sumit.
1046 1278 1166 1348 [Et]
1223 1278 1429 1331 Romae
1481 1282 1702 1331 senatus
1743 1277 1813 1330 de
1860 1293 1995 1345 pro-

285 1353 469 1407 vinciis
493 1355 771 1407 consultus
799 1355 1112 1408 Numidiam
1140 1355 1365 1408 Metello
1391 1356 1727 1408 decreverat.

389 1435 467 1483 63.
543 1430 649 1483 Per
690 1431 837 1484 idem
882 1435 1102 1500 tempus
1144 1432 1340 1485 Uticae
1388 1432 1530 1484 forte
1572 1431 1630 1483 O.
1671 1431 1846 1484 Mario
1888 1448 1995 1500 per

284 1505 488 1558 hostias
521 1506 606 1558 dis
640 1508 965 1575 supplicanti
1000 1525 1196 1575 magna
1229 1512 1397 1575 atque
1430 1507 1699 1560 mirabilia
1729 1507 1993 1576 portendi

283 1582 555 1650 haruspex
586 1583 834 1649 dixerat3
869 1586 1099 1652 proinde
1138 1602 1278 1653 quae
1316 1585 1494 1637 animo
1530 1584 1775 1651 agitabat
1811 1584 1994 1638 fretus

285 1659 369 1712 dis
429 1663 633 1726 ageret,
682 1660 957 1714 fortunam
1018 1678 1184 1729 quam
1245 1661 1578 1729 saepissume
1627 1661 1994 1728 experiretur,

284 1739 475 1790 cuncta
510 1751 771 1805 prospere
813 1741 1087 1791 eventura.
1164 1738 1245 1791 At
1293 1736 1447 1790 illum
1486 1736 1601 1804 jam
1655 1741 1817 1790 antea
1863 1754 1994 1791 con-

285 1813 494 1866 sulatus
527 1812 718 1880 ingens
758 1814 954 1881 cupido
992 1813 1325 1882 exagitabat,
1355 1813 1428 1866 ad
1463 1830 1626 1880 quem
1661 1813 1992 1880 capiundum

285 1892 507 1957 praeter
548 1894 878 1942 vetustatem
920 1890 1155 1943 familiae
1198 1890 1303 1942 alia
1341 1890 1523 1942 omnia
1560 1889 1776 1943 abunde
1813 1895 1992 1957 erant,

284 1965 568 2031 industria,
595 1966 856 2035 probitaS,
878 1966 1107 2019 militiae
1133 1983 1333 2034 magna
1353 1965 1592 2033 scientia,
1618 1967 1829 2019 animus
1855 1965 1992 2019 belli

283 2042 487 2109 iugem,
538 2043 685 2096 domi
733 2042 989 2107 modicuS‚
1031 2041 1293 2096 lubidinis
1341 2045 1399 2096 et
1447 2041 1760 2095 divitiarum
1798 2043 1991 2109 victor,

284 2118 664 2171 tantummodo
704 2119 909 2186 gloriae
949 2118 1155 2171 avidus,
1228 2118 1339 2172 Sed
1379 2119 1425 2171 is
1470 2123 1632 2172 natus
1675 2122 1733 2172 et
1770 2135 1993 2174 omnem

283 2195 574 2260 pueritiam
606 2195 798 2262 Arpini
840 2195 997 2261 altu8‚
1033 2195 1128 2248 ubi
1167 2195 1404 2262 primum
1441 2198 1593 2247 aetas
1626 2195 1853 2248 militiae
1892 2214 1988 2265 pa-

283 2270 427 2323 tiens
444 2270 565 2336 fuit,
584 2271 869 2339 stipendiis
883 2271 1164 2338 faciundis,
1181 2288 1290 2323 non
1311 2273 1523 2324 Graeca
1539 2271 1793 2324 facundia
1808 2289 1992 2341 neque

282 2346 506 2399 urbanis
531 2346 814 2400 munditiis
834 2365 954 2401 sese
974 2348 1246 2411 exercuit3
1282 2348 1363 2401 ita
1385 2348 1532 2400 inter
1557 2349 1691 2400 artis
1714 2347 1884 2401 bonas
1909 2350 1988 2402 in-

283 2427 498 2490 tegrum
525 2424 801 2491 ingenium
826 2424 979 2478 brevi
1006 2425 1262 2478 adolevit.
1337 2425 1483 2492 Ergo
1507 2424 1602 2476 ubi
1627 2425 1862 2493 primum
1888 2427 1993 2479 tri-

285 2499 546 2552 bunatum
574 2501 866 2554 militarem
890 2518 923 2554 a
947 2502 1147 2570 populo
1170 2502 1327 2570 petit,
1353 2501 1628 2570 plerisque
1653 2501 1847 2554 faeiem
1867 2503 1992 2570 ejus

281 2575 671 2642 ignorantibu8‚
711 2578 868 2631 facile
906 2582 1068 2631 notus
1103 2595 1203 2647 per
1236 2579 1408 2631 omnis
1441 2578 1619 2631 tribus
1657 2578 1987 2632 declaratur.

284 2652 496 2704 Deinde
521 2653 590 2706 ab
616 2670 679 2706 eo
704 2654 1028 2721 magistratu
1062 2655 1227 2707 alium
1259 2659 1383 2723 post
1416 2655 1582 2707 alium
1618 2654 1721 2707 sibi
1753 2657 1986 2724 peperit,

282 2745 607 2798 semperque
646 2731 702 2783 in
740 2731 1105 2799 potestatibus
1152 2748 1216 2783 eo
1255 2731 1414 2783 modo
1463 2730 1723 2798 agitabat,
1768 2736 1831 2784 ut
1874 2750 1987 2786 am·-

281 2806 453 2873 pliore
492 2823 655 2874 quam
693 2806 926 2875 gerebat
966 2807 1165 2875 dignus
1201 2806 1511 2859 haberetur.
1585 2807 1785 2859 Tamen
1827 2808 1874 2859 is
1917 2809 1987 2863 ad

279 2882 338 2934 id
380 2883 620 2936 locorum
662 2884 789 2937 talis
831 2884 929 2950 vir,
971 2900 1096 2935 nam
1140 2886 1330 2951 postea
1378 2881 1676 2935 ambitione
1724 2899 1989 2952 praeceps

281 2957 444 3011 datus
469 2963 567 3023 est,
591 2965 782 3028 petere
812 2977 918 3013 non
943 2959 1198 3012 audebat.
1275 2959 1577 3012 Etiamtum
1618 2959 1753 3012 alios
1792 2962 1991 3028 magis-

281 3035 459 3086 tratus
491 3034 694 3101 plebes,
728 3035 1063 3088 consulatum
1101 3035 1357 3089 nobilitas
1392 3035 1536 3088 inter
1570 3052 1629 3088 se
1662 3052 1762 3103 per
1794 3053 1989 3090 manus

279 3106 549 3161 tradebat.
625 3110 812 3162 Novus
845 3126 1004 3162 nemo
1039 3114 1155 3163 tam
1189 3110 1366 3164 clarus
1398 3127 1576 3178 neque
1608 3114 1722 3163 tam
1748 3114 1989 3181 egregiis

280 3182 439 3310 {aegis
463 3187 597 3310 eti-at,
623 3186 754 3252 quin
778 3186 825 3237 is
849 3185 1105 3252 indignus
1127 3186 1222 3239 illo
1248 3186 1452 3240 honore
1478 3190 1537 3239 et
1561 3188 1715 3254 quasi
1741 3189 1989 3255 pollutus

317 3272 351 3309 a
390 3273 481 3310 ere
509 3274 588 3311 ur.
