2269 3561
520 567 605 650 C.
695 568 1264 653 SALLUSTI
1352 567 1755 654 CRISPI

843 719 1446 803 CATILINA.

1042 909 1248 940 ——4—

284 1051 330 1099 1.
401 1043 592 1097 Omns
624 1039 890 1110 homineS‚
925 1042 1019 1110 qui
1056 1057 1177 1095 sese
1211 1040 1440 1094 student
1472 1042 1757 1109 praestare
1794 1040 1995 1095 ceteris

282 1119 622 1180 animalibus,
638 1135 850 1171 summa
870 1134 973 1185 ope
989 1117 1090 1170 niti
1111 1117 1288 1181 decet,
1308 1133 1379 1169 ne
1395 1116 1563 1169 vitam
1587 1116 1803 1168 silentio
1818 1120 1994 1169 trans-

283 1198 414 1248 eant
431 1195 601 1248 veluti
621 1211 830 1262 pecora,
856 1210 996 1261 quae
1013 1197 1211 1245 natura
1228 1208 1400 1260 prona
1415 1196 1583 1259 atque
1603 1192 1783 1244 ventri
1809 1191 1995 1244 obedi-

283 1270 434 1323 entia
458 1270 632 1323 finxit.
709 1269 819 1322 Sed
849 1273 1038 1321 nostra
1070 1269 1247 1320 omnis
1271 1267 1353 1319 vis
1383 1267 1437 1319 in
1472 1267 1652 1319 animo
1686 1272 1744 1320 et
1768 1283 1995 1335 corpore

284 1346 391 1399 sita
414 1349 531 1410 est;
562 1344 729 1397 animi
758 1343 1002 1412 imperiO,
1028 1344 1271 1411 corporis
1305 1343 1530 1396 servitio
1555 1344 1731 1410 magis
1759 1343 1997 1407 utimur;

283 1421 518 1474 alterum
536 1420 695 1474 nobis
712 1437 834 1474 cum
861 1421 962 1488 dis,
980 1420 1213 1474 alterum
1235 1437 1357 1472 cum
1378 1418 1555 1472 beluis
1582 1436 1867 1473 commune
1892 1423 1992 1472 est.

286 1498 405 1563 Quo
429 1497 563 1551 mihi
585 1497 792 1551 rectius
810 1497 1031 1550 videtur
1054 1496 1237 1564 ingeni
1264 1513 1429 1564 quam
1448 1497 1643 1549 virium
1663 1496 1859 1565 opibus
1881 1496 1998 1565 glo-

281 1575 417 1627 riam
452 1590 732 1642 quaerere,
761 1578 832 1639 et,
859 1574 1110 1641 quoniam
1140 1573 1253 1626 vita
1276 1573 1397 1640 ipsa
1421 1589 1531 1641 qua
1555 1573 1789 1626 fruimur
1814 1572 1998 1626 brevis

284 1653 383 1715 est,
420 1650 736 1703 memoriam
780 1649 952 1702 nostri
996 1665 1161 1716 quam
1211 1665 1466 1702 maxume
1506 1648 1725 1716 longam
1769 1650 1999 1704 efficere.

285 1726 427 1780 Nam
464 1726 778 1778 divitiarum
828 1729 885 1778 et
920 1725 1126 1778 formae
1170 1724 1345 1793 gloria
1382 1724 1531 1777 fluxa
1579 1728 1749 1793 atque
1788 1726 1998 1794 fragilis

284 1801 431 1871 [est]‚
451 1803 625 1855 virtus
648 1802 796 1855 clara
819 1806 1155 1870 aeternaque
1179 1800 1430 1855 habetur.
1482 1801 1593 1855 Sed
1620 1803 1717 1855 diu
1741 1820 1997 1870 magnum

284 1878 430 1931 inter
467 1877 713 1931 mortalis
751 1882 1030 1931 certamen
1068 1878 1193 1944 fuit,
1229 1877 1354 1931 vine
1396 1877 1640 1945 corporis
1682 1895 1749 1931 an
1793 1879 1998 1932 virtute

286 1954 451 2006 animi
489 1970 579 2007 res
617 1953 870 2006 militaris
913 1954 1087 2020 magis
1133 1953 1478 2022 procederet.
1555 1953 1699 2006 Nam
1748 1958 1806 2007 et
1848 1955 2001 2022 prius

285 2046 451 2099 quam
475 2028 715 2097 incipias,
742 2028 1005 2093 consulto,
1032 2031 1104 2093 et,
1130 2028 1226 2081 ubi
1245 2028 1593 2096 consulueriS,
1620 2033 1835 2083 mature
1854 2031 2001 2083 facto

286 2121 424 2172 opus
448 2110 547 2158 est.
624 2104 716 2157 Ita
747 2107 1044 2171 utrumque
1077 2120 1178 2171 per
1204 2120 1263 2157 se
1295 2104 1563 2171 indigens,
1595 2105 1831 2159 alterum
1866 2106 2001 2159 alte-

285 2180 402 2234 rius
427 2181 628 2234 auxilio
654 2183 795 2247 eget.

392 2264 438 2310 2.
513 2257 692 2324 Igitur
725 2254 881 2308 initio
914 2272 1089 2322 reges,
1125 2272 1251 2308 nam
1286 2256 1341 2307 in
1376 2256 1542 2308 terris
1571 2273 1769 2310 nomen
1803 2258 2001 2327 imperi

284 2332 346 2386 id
368 2332 601 2402 primum
629 2332 749 2396 fuit,
777 2331 981 2384 divorsi
1015 2348 1142 2399 pars
1166 2332 1460 2399 ingenium,
1492 2332 1583 2385 alii
1618 2349 1814 2401 corpus
1848 2352 2002 2389 exer-

285 2408 514 2474 cebant3
550 2409 837 2462 etiamtum
865 2408 978 2461 vita
1009 2408 1291 2460 hominum
1328 2407 1446 2461 sine
1478 2408 1784 2476 cupiditate
1825 2412 2001 2478 agita-

284 2485 465 2552 batur,
492 2501 591 2539 sua
614 2484 812 2552 cuique
837 2484 971 2537 satis
995 2483 1303 2551 placebant.
1376 2484 1576 2538 Postea
1599 2502 1730 2539 vero
1756 2503 1918 2553 quam
1943 2489 1997 2540 in

288 2562 424 2615 Asia
471 2561 661 2629 Cyrus,
698 2561 755 2613 in
795 2559 1020 2614 Graecia
1070 2560 1493 2614 Lacedaemonii
1529 2565 1587 2615 et
1631 2563 2000 2617 Athenienses

286 2654 516 2707 coepere
540 2638 690 2691 urbis
715 2641 882 2706 atque
908 2638 1158 2691 nationes
1192 2637 1461 2706 subigere,
1491 2638 1793 2693 lubidinem
1829 2641 2001 2692 domi-

285 2714 452 2768 nandi
471 2730 718 2768 caussam
738 2713 867 2767 belli
893 2714 1114 2780 habere,
1140 2731 1452 2768 maxumam
1476 2715 1707 2782 gloriam
1734 2716 1788 2768 in
1814 2734 1999 2770 maxu-

285 2806 375 2843 mo
398 2791 627 2860 imperio
655 2794 868 2860 putare,
900 2795 1018 2842 tum
1046 2790 1268 2843 demum
1293 2791 1536 2859 periculo
1565 2796 1734 2860 atque
1766 2794 1999 2859 negotiis

287 2872 624 2935 compertum
644 2870 730 2919 est
748 2867 802 2918 in
822 2866 966 2918 bello
986 2866 1298 2933 plurumum
1318 2867 1593 2934 ingenium
1614 2885 1786 2936 posse.
1839 2870 1998 2933 Quod

288 2942 334 2995 si
358 2959 549 3010 regum
574 2946 744 3011 atque
768 2943 1165 3011 imperatorum
1191 2943 1356 2995 animi
1382 2944 1559 2996 virtus
1595 2944 1650 2996 in
1675 2961 1807 3012 pace
1833 2946 1912 2999 ita
1936 2953 1999 2998 ut

286 3019 343 3071 in
375 3018 518 3072 bello
550 3020 776 3083 valeret,
804 3019 1145 3089 aequabilius
1179 3023 1349 3087 atque
1383 3021 1722 3074 constantius
1759 3038 1878 3074 sese
1909 3039 1998 3075 res

285 3095 555 3149 humanae
580 3095 863 3163 haberent,
893 3112 1073 3163 neque
1098 3096 1250 3150 aliud
1285 3096 1391 3148 alio
1427 3096 1558 3149 ferri
1593 3113 1771 3164 neque
1796 3100 1998 3150 mutari

285 3187 351 3225 ac
384 3171 600 3226 misceri
637 3172 817 3225 omnia
852 3188 1121 3226 cerneres
1195 3172 1339 3225 Nam
1386 3173 1675 3242 imperium
1718 3173 1877 3226 facile
1913 3173 1998 3225 his

284 3248 499 3303 artibus
527 3248 816 3319 retinetur,
842 3249 1042 3319 quibus
1066 3249 1224 3304 initio
1253 3252 1473 3320 partum
1499 3253 1598 3305 est.
1670 3248 1877 3302 Verum
1904 3246 1997 3298 ubi
