2269 3561
256 175 319 222 72
747 172 800 219 C.
841 168 1191 218 SALLUSTI
1227 164 1461 214 CRISPI

249 303 252 304 ⁷
361 256 444 305 53.
516 250 746 304 Romani
799 269 868 305 ex
916 250 1208 317 improviso
1259 246 1499 316 pulveris
1543 244 1653 298 vim
1704 260 1965 311 magnam

256 327 714 394 animadvortunt‚
740 345 863 380 nam
901 330 1253 395 prospectum
1286 340 1419 392 ager
1449 321 1693 377 arbustis
1717 321 1967 375 consitus

254 402 596 472 prohibebat.
641 404 712 457 Et
738 404 914 471 primo
937 404 1045 455 rati
1069 402 1295 454 humum
1320 399 1532 453 aridam
1558 402 1723 451 vento
1746 398 1967 465 agitari,

255 484 394 549 post
415 480 511 533 ubi
547 480 885 548 aequabilem
921 495 1143 531 manere
1179 481 1237 530 et
1280 477 1422 531 sicut
1459 477 1600 529 acies
1636 475 1970 528 movebatur

256 557 430 623 magis
466 556 744 623 magisque
780 555 1219 624 appropinquare
1257 553 1460 618 vident,
1493 553 1709 619 cognita
1743 569 1804 604 re
1841 569 1968 620 pro·

257 635 516 700 perantes
541 648 693 684 arma
717 633 938 699 capiunt
963 647 1027 684 ac
1052 647 1152 699 pro
1177 630 1386 695 castriS,
1406 629 1546 682 sicut
1569 628 1970 696 imperabatur,

257 709 577 761 consistunt.
646 706 874 773 Deinde,
900 706 992 759 ubi
1032 706 1258 775 propius
1293 708 1517 759 ventum
1557 709 1658 769 est,
1684 705 1971 773 utrimque

257 801 454 851 magno
498 784 734 837 clamore
780 784 1136 837 concurritur.
1219 781 1493 836 Numidae
1537 785 1753 835 tantum
1800 782 1971 835 modo

260 862 530 924 remorati,
556 860 685 912 dum
718 861 773 913 in
800 860 1104 928 elephantis
1142 860 1402 912 auxilium
1432 862 1644 927 putant,
1670 863 1971 927 postquam

260 953 354 988 eos
378 936 668 1004 impeditos
692 937 856 989 ramis
881 935 1136 988 arborum
1161 940 1328 1004 atque
1352 936 1430 987 ita
1456 933 1715 1002 disjectos
1740 936 1975 987 circum-

263 1012 435 1065 veniri
463 1011 664 1078 vident,
693 1012 878 1078 fugam
912 1012 1134 1074 faciunt,
1163 1028 1225 1064 ac
1254 1012 1505 1080 plerique
1534 1010 1762 1077 abjectis
1800 1011 1975 1063 armis

264 1088 416 1141 collis
441 1091 537 1139 aut
562 1090 737 1140 noctis
763 1105 902 1155 quae
929 1088 1046 1155 jam
1072 1088 1267 1139 aderat
1294 1086 1495 1139 auxilio
1519 1087 1722 1154 integri
1747 1088 1975 1141 abeunt.

266 1164 556 1232 Elephanfi
595 1169 857 1231 quattuor
893 1164 1056 1231 capti,
1085 1163 1278 1231 reliqui
1315 1179 1503 1214 omnes
1540 1179 1766 1215 numero
1801 1163 1978 1231 quad-

266 1243 479 1307 raginta
504 1240 795 1292 interfecti.
846 1241 922 1291 At
951 1240 1195 1305 Romani,
1220 1256 1550 1307 quamquam
1577 1238 1774 1292 itinere
1799 1245 1976 1306 atque

267 1334 431 1384 opere
467 1323 770 1368 castrorum
807 1323 865 1368 et
900 1315 1107 1383 proelio
1144 1315 1271 1367 fessi
1309 1316 1543 1382 lassique
1569 1320 1743 1372 erant,
1767 1319 1974 1379 tamen,

268 1391 417 1461 quod
461 1392 721 1444 Metellus
762 1392 993 1460 amplius
1042 1392 1293 1459 opinione
1341 1391 1673 1452 morabatur,
1716 1392 1977 1445 instructi

266 1468 577 1536 intentique
613 1467 827 1521 obviam
864 1468 1199 1535 procedunt;
1246 1485 1372 1521 nam
1411 1467 1568 1520 dolus
1607 1468 1976 1521 Numidarum

266 1544 398 1597 nihil
436 1544 677 1611 languidi
703 1561 882 1612 neque
909 1544 1121 1598 remissi
1160 1544 1492 1611 patiebatur.
1566 1545 1651 1596 Ac
1681 1546 1858 1611 primo
1884 1544 1979 1597 ob-

268 1638 426 1674 scura
443 1626 602 1673 nocte
627 1626 915 1690 postquam
934 1620 1082 1673 haud
1105 1621 1291 1689 procul
1311 1621 1456 1673 inter
1479 1636 1538 1673 se
1558 1625 1716 1673 erant
1736 1621 1980 1689 strepitu

269 1697 421 1750 velut
451 1697 636 1749 hostes
670 1697 985 1763 adventare,
1010 1697 1173 1749 alteri
1206 1695 1354 1765 apud
1389 1696 1595 1749 alteros
1625 1696 1979 1750 formidinem

269 1774 426 1827 simul
455 1778 511 1826 et
537 1773 833 1826 tumultum
866 1773 1061 1839 facere,
1088 1775 1147 1827 et
1180 1791 1353 1841 paene
1380 1771 1753 1842 imprudentia
1780 1775 1983 1828 admis-

272 1867 390 1903 sum
427 1850 633 1902 facinus
671 1849 994 1916 miserabile,
1031 1851 1087 1903 ni
1124 1850 1404 1918 utrimque
1439 1851 1725 1918 praemissi
1762 1852 1983 1919 equites

272 1945 386 1980 rem
425 1927 863 1995 exploravissent.
942 1928 1121 1994 Igitur
1149 1944 1250 1994 pro
1279 1931 1429 1980 metu
1459 1930 1687 1994 repente
1714 1928 1980 1994 gaudium

271 2008 537 2057 exortum.
576 2003 778 2057 milites
813 2003 951 2057 alius
987 2003 1152 2056 alium
1190 2002 1320 2055 laeti
1365 2003 1654 2070 appellant,
1691 2008 1814 2056 acta
1849 2005 1981 2058 edo-

272 2084 398 2133 cent
425 2086 591 2147 atque
624 2080 870 2143 audiunt,
897 2096 995 2132 sua
1022 2079 1255 2148 quisque
1290 2079 1454 2132 fortia
1484 2079 1630 2133 facta
1657 2079 1730 2131 ad
1767 2081 1981 2134 coelum

273 2156 398 2209 fert.
474 2157 686 2225 Quippe
717 2173 806 2209 res
836 2156 1103 2210 humanae
1132 2156 1213 2208 ita
1248 2172 1367 2208 sese
1397 2155 1627 2208 habent:
1666 2155 1722 2207 in
1752 2155 1982 2211 victoria

275 2232 360 2285 vel
396 2233 606 2300 ignavis
641 2232 861 2299 gloriari
899 2232 1043 2298 licet,
1074 2232 1339 2284 advorsae
1369 2248 1458 2284 res
1488 2231 1653 2285 etiam
1689 2231 1861 2286 bonos
1887 2232 1982 2286 de-

276 2313 533 2364 tractant.

382 2393 462 2438 54.
534 2384 793 2438 Metellus
837 2385 893 2437 in
936 2383 1132 2437 iisdem
1170 2383 1366 2436 castris
1404 2384 1699 2451 quatriduo
1733 2388 1980 2437 moratus

278 2463 487 2515 saucios
524 2478 646 2513 cum
677 2477 807 2513 cura
835 2462 1026 2525 reficit,
1054 2460 1279 2513 meritos
1309 2460 1365 2511 in
1396 2460 1620 2528 proeliis
1659 2476 1812 2514 more
1848 2461 1984 2514 mili-

280 2541 390 2592 tiae
416 2538 600 2603 donat,
626 2538 907 2589 univorsos
935 2539 988 2590 in
1015 2537 1267 2590 contione
1295 2536 1487 2589 laudat
1516 2539 1684 2603 atque
1713 2537 1829 2604 agit
1862 2554 1985 2604 gra-

281 2617 417 2678 tias;
453 2614 707 2667 hortatur
732 2613 802 2665 ad
827 2618 1011 2666 cetera
1036 2629 1178 2681 quae
1202 2612 1343 2665 levia
1368 2616 1494 2664 sunt
1529 2629 1719 2680 parem
1743 2614 1983 2666 animum

280 2695 506 2761 gerant;
541 2706 642 2758 pro
667 2690 893 2743 victoria
918 2690 1051 2742 satis
1077 2688 1194 2755 jam
1226 2692 1542 2758 pugnatum,
1571 2688 1810 2755 reliquos
1838 2689 1986 2742 labo-

281 2787 368 2823 res
392 2784 493 2837 pro
517 2766 723 2835 praeda
747 2766 875 2819 fore.
950 2765 1153 2818 Tamen
1183 2763 1406 2818 interim
1432 2764 1743 2831 transfugas
1768 2768 1827 2818 et
1851 2765 1985 2818 alios

281 2848 631 2914 opportunoS,
672 2841 949 2908 Jugurtha
990 2840 1083 2893 ubi
1125 2841 1373 2908 gentium
1416 2844 1513 2893 aut
1553 2840 1689 2908 quid
1729 2840 1985 2907 agitaret,

278 2940 401 2976 cum
426 2920 683 2990 paucisne
709 2922 856 2972 esset
881 2935 949 2970 an
976 2918 1281 2970 exercitum
1307 2917 1553 2979 haberet,
1577 2922 1639 2969 ut
1664 2933 1784 2971 sese
1809 2919 1986 2970 victus

280 3000 514 3064 gereret,
541 2995 887 3063 exploratum
913 2994 1074 3046 misit.
1153 2995 1231 3046 At
1255 2993 1346 3045 ille
1372 3010 1491 3045 sese
1517 2993 1572 3045 in
1604 2993 1722 3046 loca
1747 2993 1987 3046 saltuosa

283 3075 343 3123 et
377 3073 577 3120 natura
611 3071 822 3121 munita
856 3073 1159 3134 receperat,
1196 3068 1380 3134 ibique
1416 3068 1648 3134 cogebat
1684 3068 1987 3122 exercitum

283 3158 509 3196 numero
529 3142 805 3195 hominum
821 3142 1156 3209 ampliorem,
1178 3143 1275 3195 sed
1302 3142 1557 3195 hebetem
1582 3143 1635 3195 in
1644 3143 1986 3211 firmumque,

286 3216 406 3285 agri
431 3233 494 3269 ac
520 3217 730 3287 pecoris
754 3217 928 3283 magis
953 3233 1115 3285 quam
1145 3217 1271 3271 belli
1295 3218 1576 3273 cultorem.
1624 3218 1696 3272 Id
1721 3235 1788 3274 ea
1809 3221 1990 3288 gratia
