2269 3561
291 203 352 251 80
787 202 842 249 C.
879 200 1224 249 SALLUSTI
1259 198 1493 248 CRISPI

287 281 480 336 liosum
515 282 593 350 [in
626 281 743 352 eos]
778 282 938 351 foret,
971 282 1016 336 si
1051 282 1271 350 equites
1305 280 1535 334 Romani
1574 279 1840 334 satellites
1878 278 1930 331 N
1932 295 1999 332 u-

284 356 469 412 midae
500 359 870 412 traderentur.
943 358 1104 412 Hunc
1146 358 1354 412 Marius
1401 359 1622 410 anxium
1671 357 2001 424 aggreditur

285 435 453 501 atque
485 434 740 487 hortatur
771 437 835 487 ut
867 434 1315 487 contumeliarum
1353 433 1699 501 imperatoris
1734 450 1857 486 cum
1893 450 1998 485 suo

284 509 486 563 auxilio
509 527 712 578 poenas
735 513 920 578 petat3
955 510 1230 563 hominem
1255 509 1325 563 ob
1350 510 1568 563 morbos
1594 510 1772 562 animo
1796 525 1998 577 parum

284 585 465 639 valido
491 585 730 638 secunda
752 586 999 639 oratione
1025 586 1264 640 extollit:
1302 586 1456 638 illum
1480 602 1681 652 regem,
1707 586 1997 652 ingentem

285 662 476 729 virum,
518 662 841 717 Masinissae
878 668 1132 731 nepotem
1173 680 1323 728 esse;
1390 662 1436 715 si
1472 662 1510 714 J
1514 662 1755 730 ugurtha
1795 666 1997 729 captus

284 742 381 791 aut
414 739 622 792 occisus
654 740 812 804 foret,
848 739 1140 807 imperium
1178 739 1469 792 Numidiae
1503 741 1619 793 sine
1651 756 1801 792 mora
1836 738 1997 791 habi-

284 818 499 878 turum;
535 815 594 867 id
619 815 758 868 adeo
782 819 999 869 mature
1030 831 1190 884 posse
1224 815 1457 881 evenire,
1482 816 1527 869 si
1552 817 1668 883 ipse
1699 815 1885 868 consul
1917 816 1997 869 ad

201 908 204 911 ⁴
283 890 342 943 id
374 889 578 943 bellum
612 892 806 945 missus
837 892 996 944 foret.
1072 891 1273 960 Itaque
1297 895 1356 945 et
1380 891 1533 945 illum
1560 896 1617 945 et
1641 893 1856 960 equites
1885 892 1996 944 Ro-

282 983 486 1034 manos,
535 968 739 1021 milites
786 974 844 1021 et
885 968 1272 1036 negotiatores,
1321 968 1455 1021 alios
1501 969 1634 1036 ipse,
1693 968 1994 1037 plerosque

283 1043 432 1110 pacis
480 1060 605 1111 spes
652 1044 900 1111 impellit,
950 1044 1031 1098 uti
1086 1044 1316 1097 Romam
1366 1044 1449 1115 ad·
1485 1061 1610 1097 suos
1651 1045 1995 1099 necessarios

283 1135 476 1187 aspere
507 1120 560 1171 iu
601 1120 885 1173 Metellum
922 1120 992 1173 de
1023 1119 1169 1173 bello
1203 1119 1456 1187 scribant,
1486 1120 1721 1174 Marium
1752 1121 1994 1188 impera-

283 1200 459 1249 torem
501 1200 740 1264 poscant.
812 1196 901 1249 Sic
939 1196 1017 1249 illi
1056 1214 1089 1249 a
1125 1196 1315 1249 multis
1358 1195 1681 1249 mortalibus
1722 1196 1994 1250 honestis-

284 1288 439 1325 suma
497 1272 880 1341 suffragatione
939 1273 1251 1326 consulatus
1312 1272 1634 1340 petebatur3
1701 1273 1859 1326 simul
1923 1290 1993 1327 ea

282 1353 612 1418 tempestate
649 1350 839 1417 plebes
872 1350 1156 1408 nobilitate
1188 1350 1309 1402 fusa
1339 1366 1440 1417 per
1454 1375 1458 1380 ·
1472 1350 1650 1417 legem
1684 1350 1991 1403 Mamiliam

282 1441 448 1477 novos
472 1424 783 1478 extollebat.
860 1425 948 1478 Ita
974 1425 1152 1478 Mario
1176 1429 1371 1479 cuncta
1394 1426 1704 1493 procedere.

386 1507 465 1555 66.
541 1501 773 1554 Interim
811 1501 848 1553 J
851 1502 1102 1569 ugurtha,
1141 1506 1431 1571 postquam
1468 1502 1669 1555 omissa
1705 1502 1992 1557 deditione

280 1577 484 1630 bellum
508 1578 712 1645 incipit,
739 1595 860 1630 cum
890 1594 1087 1645 magna
1115 1595 1247 1631 cura
1270 1595 1466 1645 parare
1491 1579 1686 1646 omnia,
1710 1578 1990 1645 festinare,

279 1670 472 1721 cogere
498 1653 813 1720 exercitum,
841 1653 1092 1720 civitatiS,
1112 1671 1254 1721 quae
1279 1654 1348 1706 ab
1368 1671 1426 1707 se
1448 1654 1779 1722 defecerant,
1803 1656 1991 1709 formi-

281 1731 408 1784 dine
436 1735 532 1784 aut
561 1730 889 1784 ostentando
918 1732 1161 1798 praemia
1197 1730 1468 1800 affectare,
1496 1732 1829 1786 communire
1859 1750 1991 1787 suos

278 1809 435 1873 Ιοοοε,
472 1824 637 1875 arma,
667 1808 795 1874 tela,
836 1808 1062 1876 aliaque,
1101 1825 1241 1876 quae
1280 1825 1375 1877 spe
1411 1809 1561 1877 pacis
1597 1808 1869 1875 amiserat,
1907 1827 1993 1863 re-

278 1885 440 1937 ficere
465 1888 560 1937 aut
584 1884 950 1951 commercari,
990 1885 1214 1937 servitia
1255 1884 1623 1938 Romanorum
1661 1886 1892 1952 allicere,
1930 1890 1992 1940 et

279 1977 370 2014 eos
417 1961 563 2028 ipsos
610 1960 705 2027 qui
751 1961 806 2012 in
855 1960 1144 2028 praesidiis
1194 1965 1353 2014 erant
1400 1962 1630 2029 pecunia
1678 1966 1990 2029 temptare;

276 2054 497 2105 prorsus
532 2037 666 2089 nihil
698 2037 965 2090 intactum
998 2053 1177 2104 neque
1211 2036 1457 2105 quietum
1491 2038 1621 2105 pati,
1655 2042 1849 2090 cuncta
1874 2039 1993 2105 agi-

278 2118 409 2167 tare.
481 2114 512 2165 'I
517 2115 669 2181 gitur
705 2114 1004 2181 VagenseS,
1045 2131 1152 2181 quo
1191 2113 1451 2166 Metellus
1499 2113 1655 2166 initio
1703 2113 1741 2165 J
1744 2115 1990 2181 ugurtha

276 2190 596 2258 pacificante
640 2189 968 2258 praesidium
1014 2189 1365 2257 imposuerat,
1414 2191 1625 2257 fatigati
1677 2191 1822 2258 regis
1860 2208 1991 2259 sup-

277 2266 451 2335 pliciis
477 2283 652 2334 ncque
678 2270 840 2319 antca
865 2265 1148 2319 voluntate
1178 2266 1417 2330 alienati,
1444 2267 1717 2335 principes
1742 2266 1986 2321 civitatis

276 2343 422 2396 inter
455 2359 511 2395 sc
545 2343 862 2410 conjurant;
899 2358 1022 2394 nam
1050 2342 1256 2409 volgus,
1283 2343 1364 2394 uti
1399 2343 1721 2411 plerumque
1746 2343 1898 2407 solet,
1924 2349 1987 2398 et

277 2435 529 2471 maxume
562 2418 936 2485 Numidarum,
970 2418 1189 2484 ingenio
1223 2417 1423 2484 mobili,
1460 2419 1777 2471 seditiosum
1812 2423 1985 2488 atque

278 2494 667 2547 discordiosum
707 2498 844 2561 erat,
885 2494 1142 2562 cupidum
1182 2511 1441 2547 novarmn
1481 2512 1676 2559 rerum,
1710 2496 1882 2563 quieti
1922 2500 1985 2551 et

277 2571 389 2624 otio
414 2571 716 2628 advorsum.
793 2570 933 2623 Dein
964 2571 1280 2638 compositis
1309 2571 1455 2624 inter
1480 2588 1538 2625 se
1564 2573 1727 2624 rebus
1750 2573 1804 2624 in
1830 2571 1983 2626 diem

276 2648 500 2700 tertium
541 2647 895 2713 constituunt,
935 2646 1098 2714 quod,
1118 2647 1167 2700 is
1205 2648 1379 2701 festus
1418 2648 1836 2716 celebratusque
1876 2665 1984 2716 per

277 2740 489 2776 omnem
519 2723 759 2775 Africam
789 2723 978 2775 ludum
1004 2726 1061 2775 et
1084 2722 1359 2776 lasciviam
1393 2725 1565 2791 magis
1599 2741 1759 2792 quam
1793 2725 1983 2778 formi-

276 2800 456 2852 dinem
499 2799 825 2852 ostentabat.
900 2799 1011 2852 Scd
1052 2799 1149 2853 ubi
1198 2804 1417 2868 tempus
1465 2801 1586 2868 fuit,
1632 2802 1982 2855 centuriones

273 2875 630 2943 tribunosque
677 2874 929 2928 militaris
972 2879 1029 2928 et
1074 2877 1251 2942 ipsum
1300 2877 1638 2944 praefectum
1686 2878 1868 2946 oppidi
1920 2878 1980 2931 Τ.

275 2951 574 3018 Turpilium
624 2950 879 3016 Silanum,
923 2950 1058 3002 alius
1106 2951 1271 3003 alium
1320 2952 1510 3006 domos
1559 2970 1683 3006 suas
1724 2954 1976 3021 invitant,

274 3041 368 3078 eos
404 3027 576 3077 omnis
612 3029 834 3091 praeter
871 3026 1172 3093 Turpilium
1208 3027 1351 3080 inter
1389 3030 1577 3097 epulas
1619 3028 1979 3096 obtruncant;

275 3102 466 3165 postea
502 3098 701 3150 milites
739 3099 988 3166 palantis,
1027 3101 1264 3154 inermos
1307 3105 1507 3171 quippe
1546 3106 1600 3158 in
1641 3106 1739 3159 tali
1782 3105 1873 3159 die
1913 3124 1979 3160 ac

276 3174 391 3225 sine
438 3173 684 3239 imperio,
735 3173 1143 3238 aggrediuntur.
1234 3178 1393 3231 Idem
1431 3180 1622 3246 plebes
1659 3182 1809 3248 facit,
1847 3200 1979 3250 pars

276 3246 457 3299 edocti
495 3246 565 3297 ab
605 3246 906 3313 nobilitate,
943 3247 1036 3300 alii
1079 3250 1263 3304 studio
1297 3254 1488 3308 talium
1524 3273 1709 3310 rerum
1741 3258 1976 3332 incitati,
