2269 3561
946 188 983 236 J
991 188 1362 237 UGURTHA.
1944 186 2004 236 73

305 270 609 336 eveniebat,
649 271 799 340 quod
841 274 1066 340 praeter
1107 272 1288 337 regios
1323 270 1538 339 equites
1572 286 1731 323 nemo
1766 268 2005 322 omnium

305 346 675 402 Numidarum
728 364 798 401 ex
851 347 981 414 suga
1028 363 1218 414 regem
1269 347 1548 415 sequitur;
1598 364 1706 414 quo
1741 344 2008 413 cujusque

305 426 517 478 animus
551 425 677 491 fert,
712 440 778 478 eo
815 419 1121 489 discedunt,
1158 440 1336 490 neque
1372 423 1430 475 id
1478 423 1742 490 flagitium
1781 422 2008 474 militiae

305 501 554 565 ducitur3
586 502 665 554 ita
689 518 747 553 se
774 516 951 553 mores
975 499 1192 553 habent.
1254 500 1432 567 Igitur
1458 498 1714 552 Metellus
1737 498 1832 550 ubi
1857 498 2008 550 videt

303 578 595 630 etiamtum
632 576 778 643 regis
814 576 1054 628 animum
1087 575 1324 628 ferocem
1357 592 1489 642 esse,
1514 574 1717 627 bellum
1743 574 2007 641 renovari,

305 653 454 721 quod
476 654 582 706 nisi
620 670 689 706 ex
725 652 870 704 illius
907 651 1153 704 lubidine
1180 652 1299 718 geri
1334 668 1442 704 non
1475 656 1677 719 posset,
1715 654 2009 720 praeterea

303 730 550 797 iniquum
576 733 855 783 certamen
881 727 983 780 sibi
1007 745 1132 781 cum
1157 728 1418 794 hostibuS‚
1447 729 1652 781 minore
1677 728 2010 781 detrimento

304 807 427 860 illos
448 808 589 860 vinci
620 823 784 874 quam
810 821 936 858 suos
960 802 1195 871 vincere,
1222 804 1419 857 statuit
1447 821 1554 856 non
1583 804 1803 873 proeliis
1832 820 2011 871 neque

306 884 364 935 in
407 884 539 950 acie,
588 882 686 936 sed
729 882 834 935 alio
874 899 1026 934 more
1073 881 1279 934 bellum
1326 880 1648 949 gerundum.
1722 880 1920 947 ltaque
1956 881 2010 932 in

311 960 602 1013 Numidiae
627 959 744 1012 loca
769 958 1196 1026 opulentissuma
1219 959 1413 1026 pergit,
1438 974 1597 1025 agros
1622 960 1815 1023 vastat,
1837 957 2012 1009 multa

312 1036 537 1089 castella
578 1041 635 1088 et
673 1035 875 1103 oppida
914 1038 1124 1087 temere
1175 1034 1386 1087 munita
1431 1037 1529 1087 aut
1575 1034 1691 1086 sine
1739 1033 2011 1101 praesidio

311 1112 459 1180 capit
503 1112 867 1181 incenditque,
909 1110 1148 1178 puberes
1190 1110 1427 1164 interfici
1463 1110 1644 1179 jubet,
1688 1110 1794 1162 alia
1835 1110 2013 1163 omnia

311 1188 546 1240 militum
594 1189 855 1256 praedam
904 1204 1039 1241 esse.
1112 1187 1194 1239 Ea
1227 1186 1518 1240 formidine
1553 1187 1711 1239 multi
1756 1186 2013 1239 mortales

313 1263 571 1317 Romanis
612 1265 788 1317 dediti
828 1264 1080 1327 obsides3
1116 1264 1451 1316 frumentum
1487 1268 1544 1317 et
1582 1263 1687 1316 alia
1722 1281 1863 1331 quae
1891 1263 2013 1316 usui

308 1340 492 1394 forent
516 1341 719 1393 affatim
739 1339 1017 1409 praebita3
1042 1340 1372 1408 ubicumque
1397 1357 1486 1392 res
1510 1340 1838 1409 postulabat,
1863 1357 2015 1409 prae-

310 1416 511 1470 sidium
555 1417 886 1485 impositum.
970 1417 1121 1481 Quae
1166 1417 1389 1484 negotia
1421 1418 1594 1470 multo
1630 1418 1803 1485 magis
1849 1434 2012 1485 quam

309 1494 577 1561 proelium
626 1493 768 1547 male
819 1497 1123 1562 pugnatum
1178 1493 1249 1546 ab
1300 1493 1411 1545 suis
1453 1510 1642 1561 regem
1695 1495 2013 1558 terrebant;

310 1571 515 1639 quippe
539 1571 625 1623 cui
653 1586 778 1639 spes
803 1570 981 1622 omnis
1002 1570 1059 1621 in
1083 1569 1215 1637 fuga
1239 1570 1345 1622 sita
1380 1574 1502 1623 erat
1527 1571 1680 1638 sequi
1704 1570 2014 1638 cogebatur,

311 1650 370 1699 et
396 1646 489 1715 qui
524 1663 622 1699 sua
660 1646 779 1700 loca
814 1645 1113 1699 defendere
1149 1647 1482 1714 nequiverat,
1505 1648 1561 1699 in
1587 1647 1775 1700 alienis
1810 1647 2012 1700 bellum

309 1739 521 1791 gerere.
594 1722 797 1776 Tamen
826 1740 892 1775 ex
920 1722 1075 1792 copia
1096 1723 1242 1792 quod
1269 1729 1552 1793 optumum
1578 1724 1869 1777 videbatur
1894 1741 2015 1777 con-

311 1801 492 1854 silium
518 1805 680 1870 capit,
707 1801 1009 1853 exercitum
1046 1800 1368 1870 plerumque
1391 1802 1446 1853 in
1470 1801 1665 1854 iisdem
1692 1802 1822 1855 locis
1847 1818 2014 1870 oppe-

310 1878 406 1929 riri
426 1876 606 1945 jubet.
627 1878 745 1944 ipse
760 1893 884 1929 cum
904 1876 1134 1930 delectis
1151 1877 1430 1944 equitibus
1448 1878 1730 1930 Metellum
1752 1878 2015 1945 sequitur,

310 1954 593 2007 nocturnis
616 1956 674 2007 et
699 1954 833 2006 aviis
864 1953 1152 2005 itineribus
1175 1953 1457 2021 ignoratus
1486 1954 1758 2006 Romanos
1780 1954 2017 2023 palantis

312 2035 545 2099 repente
581 2030 915 2097 aggreditur.
1000 2029 1203 2081 Eorum
1240 2030 1489 2097 plerique
1524 2031 1761 2084 inermes
1795 2030 2014 2096 cadunt,

312 2107 473 2160 multi
499 2107 801 2175 capiuntur,
826 2122 988 2159 nemo
1012 2106 1252 2159 omnium
1276 2106 1516 2159 intactus
1540 2108 1796 2176 profugit,
1823 2110 1882 2160 et
1908 2107 1955 2158 N
1961 2124 2019 2158 u-

313 2183 514 2250 midae,
547 2183 865 2252 priusquam
902 2199 971 2235 ex
1008 2182 1204 2236 castris
1241 2183 1637 2251 subveniretur,
1676 2184 1834 2237 sicuti
1873 2183 2017 2251 jussi

315 2263 476 2313 erant
497 2260 554 2312 in
578 2276 871 2327 proxumos
895 2258 1044 2312 collis
1070 2259 1372 2313 discedunt.

422 2344 501 2391 55.
567 2336 799 2389 Interim
836 2336 1041 2390 Romae
1069 2336 1330 2403 gaudium
1359 2337 1552 2403 ingens
1576 2341 1755 2390 ortum
1788 2339 2020 2407 cognitis

316 2413 534 2468 Metelli
578 2412 754 2477 1311118,
798 2415 861 2465 ut
903 2429 1071 2481 seque
1112 2418 1170 2465 et
1209 2413 1510 2466 exercitum
1556 2430 1707 2467 more
1750 2415 2019 2483 majorum

315 2493 552 2558 gereret,
593 2506 649 2541 111
691 2489 923 2542 advorso
967 2490 1083 2541 loco
1121 2490 1297 2541 victor
1335 2495 1516 2542 tamen
1558 2490 1763 2544 virtute
1811 2492 2018 2551 fuisset,

317 2568 556 2620 hostium
582 2583 713 2633 agro
738 2567 1025 2635 potiretur,
1057 2565 1392 2633 ,Iugurtham
1420 2568 1764 2633 magnificum
1792 2586 1859 2621 ex
1892 2569 2019 2621 Auli

317 2643 567 2696 secordia
604 2659 755 2711 spem
797 2642 987 2694 salutis
1024 2642 1076 2693 in
1119 2642 1409 2695 solitudine
1452 2648 1547 2695 aut
1584 2644 1713 2711 fuga
1755 2647 2021 2711 coegisset

317 2719 534 2773 habere.
610 2719 807 2786 Itaque
836 2722 1057 2771 senatus
1093 2718 1164 2772 ob
1199 2736 1262 2772 ea
1294 2719 1527 2773 feliciter
1551 2723 1674 2772 acta
1698 2720 1784 2773 dis
1808 2721 2023 2773 111111101-

318 2797 523 2850 talibus
558 2795 825 2865 supplicia
855 2796 1168 2861 decernere,
1192 2796 1383 2850 civitas
1407 2796 1628 2865 trepida
1652 2800 1814 2849 antea
1839 2801 1896 2850 et
1923 2797 2024 2850 sol-

317 2873 469 2927 licita
516 2872 588 2926 de
636 2872 767 2926 belli
816 2876 1018 2925 eventu
1063 2873 1212 2926 laeta
1259 2889 1436 2940 agere,
1485 2873 1628 2925 fama
1676 2872 1747 2925 de
1797 2873 2022 2927 Metello

318 2949 601 3020 praeclara
638 2966 772 3003 esse.
849 2949 1032 3017 Igitur
1071 2966 1136 3002 eo
1174 2949 1438 3003 intentior
1479 2948 1550 3001 ad
1588 2949 1867 3002 victoriam
1907 2951 2024 3018 niti,

319 3027 573 3081 omnibus
598 3026 773 3079 modis
797 3027 1073 3092 festinare,
1099 3042 1294 3079 cavere
1326 3029 1510 3078 tamen
1535 3024 1730 3078 necubi
1761 3027 1905 3080 hosti
1932 3044 2025 3096 op-

320 3108 591 3174 portunus
615 3104 788 3168 fieret,
812 3103 1123 3156 meminisse
1156 3107 1282 3172 post
1309 3103 1535 3171 gloriam
1559 3102 1821 3156 invidiam
1848 3106 2022 3171 sequi.

323 3182 417 3235 Ita
440 3198 548 3251 quo
571 3180 783 3244 clarior,
803 3197 866 3234 eo
886 3181 1056 3247 magis
1080 3181 1270 3233 anxius
1295 3183 1428 3243 erat,
1447 3195 1626 3246 neque
1651 3184 1776 3247 post
1799 3180 2024 3232 insidias

322 3258 638 3327 Jugurthae
676 3258 846 3312 effuso
885 3257 1128 3311 exercitu
1168 3254 1452 3324 praedari3
1486 3253 1580 3306 ubi
1612 3254 1888 3306 frumento
1928 3256 2025 3304 aut
