2269 3561
991 212 1291 262 CATILIN
1295 214 1359 262 A.
2004 216 2031 263 7

320 291 515 348 domos
547 295 716 363 atque
742 294 899 347 villas
923 295 1241 362 cognoveris
1274 294 1330 347 in
1361 293 1580 347 urbium
1615 293 1837 347 modum
1872 309 2032 348 exac-

320 369 585 437 dificataS,
626 370 803 423 visere
850 371 1057 439 templa
1101 370 1346 436 deorum,
1386 385 1527 437 quac
1575 371 1746 422 nostri
1794 372 2032 437 majores

318 446 732 512 religiosissumi
761 447 1021 500 mortales
1044 448 1239 500 fecere.
1313 447 1520 500 Verum
1548 447 1626 499 illi
1651 445 1883 499 delubra
1907 447 2031 500 deo-

317 537 440 574 rum
463 523 691 592 pietate,
718 522 907 576 domos
937 540 1062 576 suas
1093 523 1270 591 gloria
1295 523 1642 588 decorabant,
1669 539 1845 591 neque
1871 523 2030 576 victis

319 598 609 667 quiequam
643 603 869 666 praeter
901 599 1134 667 injuriae
1168 599 1440 652 licentiam
1469 598 1787 666 eripiebant.
1861 601 1942 652 At
1974 599 2028 651 hi

316 681 512 726 contra
541 675 893 742 ignavissumi
928 675 1175 729 homines
1204 693 1303 744 per
1336 691 1607 728 summum
1640 676 1818 728 scelus
1850 677 2028 728 omnia

316 766 382 802 ea
415 751 572 803 sociis
604 751 866 819 adimere,
893 769 1034 818 quae
1061 751 1363 804 fortissumi
1390 750 1493 802 viri
1521 751 1757 804 victores
1781 750 2029 805 hostibus

315 825 679 893 reliquerant;
726 828 956 896 proinde
993 827 1150 896 quasi
1191 826 1450 894 injuriam
1487 827 1669 880 facere
1709 827 1770 880 id
1806 828 2025 881 demum

315 907 463 955 esset
485 903 713 970 imperio
739 905 831 957 uti.

422 984 500 1031 13.
571 978 714 1031 Nam
765 980 900 1048 quid
949 996 1015 1033 ea
1062 996 1377 1046 memorem,
1428 996 1571 1048 quae
1617 980 1723 1033 nisi
1772 978 1884 1048 [iis]
1933 981 2025 1048 qui

312 1053 501 1107 videre
542 1055 745 1107 nemini
785 1055 1071 1108 credibilia
1114 1059 1257 1121 sunt,
1300 1072 1333 1108 a
1374 1055 1607 1123 privatis
1655 1056 2027 1123 compluribus

313 1128 603 1182 subvorsos
637 1132 855 1197 montis,
889 1132 1063 1184 maria
1096 1134 1409 1184 constructa
1441 1147 1575 1184 esse.
1651 1132 1861 1196 Quibus
1893 1132 2026 1184 mihi

311 1205 570 1259 videntur
603 1205 843 1259 ludibrio
877 1207 1045 1260 fuisse
1078 1206 1339 1270 divitiae;
1377 1207 1598 1275 quippe,
1628 1224 1765 1274 quas
1797 1207 2025 1261 honeste

310 1281 514 1336 habere
561 1282 779 1350 licebat,
830 1283 985 1336 abuti
1033 1300 1133 1350 per
1182 1282 1584 1351 turpitudinem
1640 1282 2024 1351 properabant.

312 1357 423 1412 Sed
468 1359 654 1412 lubido
692 1358 886 1428 stupri,
924 1377 1131 1427 ganeae
1170 1359 1452 1427 ceterique
1489 1359 1670 1412 cultus
1707 1376 1812 1411 non
1848 1360 2025 1413 minor

310 1434 637 1498 incesserat;
681 1435 783 1488 viri
821 1434 1108 1489 muliebria
1144 1436 1276 1505 pati,
1316 1434 1574 1488 mulieres
1611 1435 1932 1503 pudicitiam
1966 1437 2021 1489 in

308 1513 594 1579 propatulo
626 1511 859 1577 habere3
896 1512 1155 1566 vescendi
1180 1528 1372 1565 caussa
1397 1515 1548 1564 terra
1571 1512 1818 1579 marique
1841 1512 2024 1565 omnia

308 1589 627 1656 exquirer03
664 1588 905 1642 dormire
930 1590 1081 1657 prius
1107 1604 1273 1656 quam
1299 1587 1473 1640 somni
1499 1587 1700 1656 cupido
1726 1591 1886 1654 esset,
1913 1605 2021 1641 non

306 1662 503 1717 famem
542 1669 638 1718 aut
675 1665 839 1729 sitim,
874 1681 1055 1733 neque
1088 1665 1264 1731 frigus
1298 1680 1481 1730 neque
1516 1663 1893 1716 lassitudinem
1931 1680 2020 1732 op

242 1739 250 1745 ’
307 1741 490 1868 ngiriri,
511 1740 608 1794 sed
634 1758 699 1795 ea
723 1741 905 1794 onmia
923 1742 1056 1794 luxu
1075 1744 1421 1808 antecapere.
1475 1739 1631 1793 Haec
1647 1740 2020 1808 juventutem,

307 1833 345 1868 u
426 1817 719 1870 familiares
744 1835 876 1885 opes
902 1818 1238 1884 defecerant,
1262 1816 1335 1868 ad
1359 1816 1602 1869 facinora
1624 1815 2022 1880 incendebant;

308 1892 516 1944 abimus
556 1892 802 1945 imbutus
844 1894 1001 1946 malis
1044 1893 1258 1946 artibus
1298 1891 1444 1945 haud
1485 1892 1643 1945 facile
1681 1891 2019 1945 lubidinibus

306 1966 555 2031 carebat;
610 1984 674 2020 eo
716 1968 993 2035 profusius
1036 1968 1290 2021 omnibus
1332 1967 1512 2020 modis
1558 1968 1812 2035 quaestui
1850 1971 2018 2038 atque

307 2045 549 2112 sumptui
575 2043 799 2097 deditus
824 2049 957 2098 erat.

414 2127 490 2173 14.
562 2120 630 2173 In
666 2123 823 2173 tanta
858 2124 1086 2188 tamque
1122 2124 1385 2188 corrupta
1417 2121 1641 2174 civitate
1675 2118 1924 2186 Catilina,
1959 2121 2016 2174 id

307 2198 453 2262 quod
484 2197 630 2249 factu
664 2196 1000 2249 facillumum
1031 2200 1170 2260 erat,
1203 2197 1445 2250 omnium
1481 2195 1814 2263 flagitiorum
1850 2199 2017 2263 atque

303 2273 601 2325 facinorum
620 2273 822 2325 circum
843 2289 903 2326 se
921 2276 1208 2340 tamquam
1231 2272 1562 2340 stipatorum
1583 2274 1829 2324 catervas
1854 2272 2018 2326 habe-

302 2343 412 2402 bat.
484 2348 626 2400 Nam
651 2349 983 2416 quicumque
1009 2347 1334 2416 impudicus,
1363 2348 1597 2415 adulter,
1621 2364 1809 2415 ganeO,
1836 2364 2014 2422 manu,

302 2426 508 2492 ventre,
546 2442 684 2493 pene
727 2423 870 2478 bona
913 2425 1098 2495 patria
1140 2424 1495 2492 laceraverat,
1537 2425 1741 2492 quique
1779 2424 2012 2477 alienum

301 2517 395 2554 aes
427 2500 635 2568 grande
669 2501 1021 2568 conflaverat,
1048 2517 1160 2569 quo
1197 2501 1464 2568 flagitium
1498 2505 1595 2553 aut
1627 2500 1838 2552 facinus
1875 2501 2016 2554 redi-

300 2580 492 2642 meret,
537 2580 827 2646 praeterea
870 2594 1061 2630 omnes
1103 2577 1346 2644 undique
1388 2576 1708 2646 parricidae,
1749 2577 2013 2644 sacrilegi,

300 2653 531 2706 convicti
567 2653 796 2721 judiciis
838 2657 935 2707 aut
977 2670 1078 2722 pro
1117 2653 1279 2707 factis
1311 2653 1581 2720 judicium
1626 2652 1898 2720 timentes,
1940 2652 2012 2705 ad

300 2728 403 2781 hoc
446 2746 582 2797 quos
632 2746 828 2783 manus
876 2735 1044 2798 atque
1091 2729 1280 2797 lingua
1319 2729 1562 2798 perjurio
1610 2732 1708 2781 aut
1750 2729 2012 2795 sanguine

302 2805 447 2858 civili
488 2804 687 2872 alebat,
728 2810 1005 2874 postremo
1044 2823 1248 2872 omnes,
1287 2822 1422 2873 quos
1459 2804 1740 2872 flagitium,
1778 2807 2010 2870 egestas,

303 2881 544 2933 conscius
581 2882 794 2935 animus
828 2882 1163 2950 exagitabat,
1193 2882 1250 2934 hi
1278 2882 1546 2936 Catilinae
1579 2880 1828 2948 proxumi
1859 2880 2010 2932 fami-

301 2956 575 3025 liaresque
601 2961 770 3011 erant.
846 2958 1053 3022 Quodsi
1090 2959 1215 3027 quis
1251 2959 1418 3011 etiam
1455 2974 1488 3010 a
1523 2957 1680 3025 culpa
1716 2971 1917 3008 vacuus
1953 2956 2006 3008 in

302 3032 597 3086 amicitiam
623 3034 741 3100 ejus
764 3034 1048 3101 inciderat,
1069 3034 1392 3103 quotidiano
1417 3050 1519 3086 usu
1543 3037 1713 3101 atque
1737 3031 2009 3086 illecebris

301 3108 458 3162 facile
495 3125 595 3176 par
631 3110 927 3178 similisque
956 3111 1159 3163 ceteris
1186 3109 1536 3164 efficiebatur.
1611 3107 1721 3162 Sed
1753 3123 2007 3158 maxumo

302 3183 736 3238 adulescentium
784 3186 1190 3240 familiaritates
1230 3186 1559 3255 appetebat;
1611 3200 1798 3238 eorum
1842 3182 2003 3232 animi

306 3260 499 3314 molles
523 3265 583 3316 et
605 3264 788 3317 aetate
812 3260 946 3316 fluxi
971 3262 1112 3316 dolis
1144 3262 1294 3316 haud
1322 3262 1615 3316 difficulter
1636 3256 2002 3327 capiebantur.
