2269 3561
922 211 1336 261 JUGURTHA.
1428 215 1431 218 '
1454 219 1459 226 ’
1909 212 1975 257 ’81

274 291 401 360 quis
448 294 570 345 acta
606 291 997 360 consiliumque
1034 292 1412 360 ignorantibus
1454 290 1724 345 tumultus
1764 289 1884 359 ipse
1924 291 1983 343 et

274 384 369 421 res
393 384 563 421 novae
589 368 723 421 satis
746 369 1050 437 placebant.

383 450 462 502 67.
537 446 766 499 Romani
791 446 1009 515 militeS,
1033 447 1328 515 improviso
1352 449 1505 499 metu
1540 445 1753 510 incerti,
1787 444 1983 512 ignari-

273 540 383 591 que
425 522 562 590 quid
602 523 964 590 potissumum
1006 523 1269 590 facerent,
1311 521 1621 590 trepidare3
1679 520 1753 573 ad
1800 537 1980 574 arcem

273 599 477 668 oppidi,
520 599 615 652 ubi
658 600 813 666 signa
849 603 907 652 et
945 603 1099 653 scuta
1136 603 1307 665 erant,
1344 597 1678 667 praesidium
1707 596 1984 661 hostium3

272 680 468 745 portae
501 679 631 729 ante
659 674 872 729 clausae
904 675 1089 742 fugam
1120 674 1515 743 prohibebant3
1550 673 1623 726 ad
1659 672 1763 726 hoc
1795 673 1984 726 mulie-

274 770 364 806 res
388 753 656 822 puerique
692 768 793 820 pro
831 752 994 805 tectis
1033 752 1403 805 aedificiorum
1437 767 1568 803 saxa
1601 752 1659 803 et
1690 748 1811 815 alia,
1839 765 1982 817 quae

272 830 424 883 locus
462 829 775 898 praebebat,
815 830 1068 882 certatim
1116 828 1352 881 mittere.
1443 828 1532 881 Ita
1581 841 1758 894 neque
1804 825 1984 879 caveri

277 923 479 974 anceps
510 906 725 972 malum,
758 922 938 973 neque
962 922 996 958 a
1018 905 1346 958 fortissumis
1377 905 1760 957 infirmissumo
1795 902 1984 972 generi

278 982 460 1035 resisti
503 999 686 1050 posse3
714 981 883 1050 juxta
921 981 1048 1034 boni
1091 982 1342 1049 malique,
1385 982 1593 1034 strenui
1634 984 1692 1033 et
1734 979 1984 1034 imbelles

278 1058 439 1111 inulfi
477 1059 803 1112 obtruncari.
877 1059 945 1111 In
984 1075 1049 1111 ea
1085 1060 1239 1111 tanta
1287 1059 1587 1126 asperitate
1636 1056 1984 1109 saevissumis
2080 1104 2085 1107 .

280 1135 534 1187 Numidis
559 1139 617 1188 et
640 1135 839 1204 oppido
870 1136 1114 1203 undique
1147 1135 1328 1188 clauso
1363 1134 1636 1201 Turpilius
1668 1134 1983 1201 praefectus

277 1227 416 1263 unus
448 1227 515 1263 ex
550 1211 800 1264 omnibus
838 1211 1044 1264 Italicis
1076 1212 1315 1264 intactus
1349 1210 1605 1279 profugit.
1682 1210 1707 1261 I
1714 1208 1752 1261 d
1776 1209 1984 1261 miscri-

276 1286 532 1340 cordiane
590 1286 819 1357 hospitis
867 1304 937 1340 an
985 1288 1236 1355 pactione
1289 1291 1387 1340 aut
1434 1303 1569 1344 casu?
1609 1287 1689 1340 ita
1736 1285 1984 1339 evenerit

275 1379 469 1432 parum
495 1364 871 1432 comperimus,
908 1364 1026 1430 nisi,
1062 1364 1193 1431 quia
1226 1364 1306 1416 illi
1340 1364 1398 1415 in
1433 1367 1590 1416 tanto
1626 1362 1769 1415 malo
1804 1362 1984 1430 turpis

275 1439 391 1493 vita
425 1439 641 1507 integra
674 1440 819 1493 fama
853 1441 1034 1509 potior
1066 1440 1187 1505 fuit,
1227 1439 1508 1508 improbus
1543 1438 1983 1507 intestabilisque

275 1515 511 1569 videtur.

383 1598 464 1646 68.
542 1592 816 1659 MetelluS‚
847 1596 1142 1661 postquam
1168 1591 1238 1644 de
1263 1590 1428 1645 rebus
1454 1591 1642 1660 Vagae
1671 1592 1810 1645 actis
1839 1610 1982 1645 com-

275 1669 438 1736 perit,
472 1668 749 1736 paulisper
784 1672 1025 1721 moestus
1059 1686 1092 1721 e
1124 1673 1419 1736 conspectu
1452 1667 1599 1733 abit;
1633 1668 1848 1735 deinde,
1887 1670 1982 1721 ubi

277 1744 362 1798 ira
408 1747 467 1798 et
513 1744 802 1812 aegritudo
862 1744 1136 1814 permixta
1190 1747 1332 1812 sunt,
1379 1761 1500 1798 cum
1550 1762 1804 1798 maxuma
1852 1762 1985 1798 cura

277 1822 454 1874 ultum
481 1822 561 1874 ire
585 1820 810 1888 injurias
842 1822 1079 1875 festinat.
1156 1821 1449 1888 Legionem
1483 1839 1605 1875 cum
1641 1839 1748 1890 qua
1780 1822 1984 1874 hiema-

278 1897 391 1963 bat,
418 1903 476 1951 et
501 1914 666 1965 quam
691 1897 971 1964 plurumos
1004 1901 1190 1967 potest
1223 1898 1492 1951 Numidas
1529 1899 1745 1966 equites
1774 1899 1984 1966 pariter

279 1969 405 2027 cuni
430 1990 622 2027 occasu
647 1974 775 2026 solis
800 1974 1094 2042 expeditos
1118 1974 1306 2027 educit
1331 1978 1388 2027 et
1411 1978 1631 2041 postero
1651 1974 1741 2027 die
1766 1974 1986 2027 circiter

280 2048 471 2102 horam
519 2050 740 2103 tertiam
791 2050 1042 2117 pervenit
1090 2050 1147 2102 in
1196 2049 1469 2117 quandam
1516 2050 1799 2118 planitiem
1852 2050 1985 2102 locis

279 2126 444 2194 paulo
492 2124 860 2194 superioribus
907 2125 1348 2179 circumventam.
1430 2125 1518 2178 Ibi
1566 2127 1767 2179 milites
1814 2127 1986 2180 fessos

280 2202 494 2255 itineris
531 2202 906 2269 magnitudine
938 2206 997 2255 et
1024 2201 1143 2269 jam
1174 2202 1462 2255 abnuentis
1491 2203 1671 2254 omnia
1704 2202 1867 2257 docet
1894 2220 1988 2272 op-

281 2278 473 2348 pidum
505 2278 713 2345 Vagam
751 2294 858 2330 non
894 2278 1123 2346 amplius
1160 2279 1307 2332 mille
1341 2295 1598 2347 passuum
1637 2278 1858 2344 abesse3
1895 2280 1987 2333 de-

282 2371 410 2409 cere
458 2354 576 2407 illos
622 2355 893 2422 reliquum
941 2354 1186 2408 laborem
1226 2372 1400 2423 aequo
1447 2355 1625 2408 animo
1673 2356 1806 2423 pati,
1854 2356 1986 2408 dum

280 2448 383 2500 pro
408 2430 612 2483 civibus
646 2430 757 2483 suis
780 2430 911 2483 viris
939 2431 1265 2484 fortissumis
1298 2435 1462 2499 atque
1497 2432 1834 2484 miserrumis
1859 2448 1987 2500 poc-

281 2524 383 2560 nas
407 2511 690 2574 caperent3
727 2511 1014 2575 praeterea
1036 2508 1296 2576 praedam
1322 2508 1555 2575 benigne
1579 2511 1837 2561 ostentat.
1898 2509 1987 2563 Sic

284 2583 480 2638 animis
521 2599 706 2636 eorum
753 2584 982 2636 arrectis
1021 2585 1236 2652 equites
1276 2585 1333 2637 in
1375 2586 1550 2652 primo
1598 2585 1725 2652 late,
1768 2585 1986 2654 pedites

283 2677 449 2730 quam
475 2660 764 2713 artissume
789 2661 867 2712 ire
893 2664 950 2713 et
976 2661 1128 2728 signa
1153 2662 1425 2714 occultare
1441 2660 1618 2728 jubet.

393 2743 472 2791 69.
527 2737 806 2803 Vagenses
843 2737 936 2789 ubi
974 2738 1213 2790 animum
1250 2739 1540 2791 advortere
1576 2738 1648 2791 ad
1684 2755 1743 2791 se
1769 2755 1986 2791 vorsum

285 2814 588 2868 exercitum
628 2829 871 2880 pergere,
911 2813 1105 2881 primO,
1145 2817 1208 2865 ut
1247 2818 1367 2867 erat
1404 2830 1508 2881 reS,
1543 2814 1826 2868 Metellum
1867 2832 1987 2868 esso

285 2891 394 2944 rati
436 2894 622 2958 portas
662 2889 936 2953 clausere;
972 2888 1183 2957 deinde,
1222 2891 1315 2942 ubi
1353 2907 1532 2958 neque
1569 2908 1730 2958 agros
1766 2893 1985 2958 vastari,

286 2971 347 3022 et
382 2983 474 3020 eos
507 2967 599 3034 qui
629 2966 788 3033 primi
822 2965 1052 3018 aderant
1088 2966 1358 3019 Numidas
1388 2967 1602 3033 equites
1631 2967 1832 3031 vident,
1867 2984 1988 3020 rur-

286 3060 408 3098 sum
433 3043 469 3095 J
474 3043 765 3111 ugurtham
800 3041 1052 3094 arbitrati
1085 3058 1205 3094 cum
1241 3059 1436 3110 magno
1464 3044 1664 3111 gaudio
1690 3045 1830 3096 obvii
1864 3062 1988 3113 pro-

286 3119 506 3175 cedunt.
585 3119 813 3188 Equites
854 3118 1180 3187 peditesque
1220 3124 1451 3188 repente
1498 3121 1650 3187 signo
1700 3121 1845 3187 dato,
1895 3122 1989 3174 alii

284 3196 504 3263 volgum
530 3195 758 3249 effusum
783 3195 986 3264 oppido
1011 3195 1256 3260 caedere,
1281 3196 1370 3247 alii
1397 3195 1468 3248 ad
1502 3201 1689 3265 portas
1713 3198 1987 3261 festinare,

285 3289 419 3342 pars
441 3273 608 3326 turris
632 3288 844 3342 capere,
864 3272 945 3324 ira
969 3274 1139 3339 atque
1162 3271 1400 3339 praedae
1426 3287 1551 3339 spes
1576 3272 1806 3340 amplius
1823 3287 1987 3337 quam
