2269 3561
990 227 1128 276 JUG
1144 228 1183 275 U
1195 228 1404 275 RTHA.
1990 232 2049 275 Cf»

346 306 470 360 cide
495 306 854 377 modesteque
881 308 1025 361 inter
1054 325 1113 361 se
1147 325 1262 360 rem
1293 307 1569 375 publicam
1604 307 1934 373 tractabant,
1964 325 2052 360 ne·

346 399 455 451 que
500 383 707 452 gloriae
748 401 927 452 neque
976 384 1362 437 dominationis
1405 388 1684 437 certamen
1727 384 1874 437 inter
1923 384 2053 437 civis

344 464 498 526 erat3
541 464 721 514 metus
755 460 968 514 hostilis
1001 462 1057 513 in
1094 460 1251 514 bonis
1288 462 1499 514 artibus
1536 461 1813 515 civitatem
1856 461 2055 514 retine-

343 536 454 591 bat.
515 536 627 591 Sed
651 537 744 590 ubi
769 537 862 590 illa
886 538 1118 591 formido
1145 538 1422 591 mentibus
1447 538 1712 606 discessit,
1740 539 1948 592 scilicet
1971 555 2050 596 ea.

346 630 486 681 quae
510 630 600 666 res
634 613 905 667 secundae
930 618 1128 680 amant,
1160 615 1374 667 lascivia
1407 618 1573 683 atque
1607 614 1860 683 superbia
1882 616 2051 668 inces-

344 706 478 743 sere.
557 691 659 755 Ita,
707 690 855 758 quod
902 692 958 743 in
1000 691 1246 744 advorsis
1290 691 1456 745 rebus
1500 695 1826 760 optaverant
1869 694 2052 752 otium,

343 769 634 836 postquam
659 767 847 835 adepti
881 772 1022 835 sunt,
1042 769 1289 836 asperius
1314 767 1673 837 acerbiusque
1704 769 1823 822 fuit.
1886 768 1937 821 N
1942 785 2044 821 am-

344 859 453 910 que
482 859 712 912 coepere
743 844 999 897 nobilitas
1024 845 1364 912 dignitatem,
1394 845 1629 914 populus
1658 844 1973 898 libertatem
1997 845 2051 897 in

343 919 642 974 lubidinem
668 924 901 987 vortere,
938 922 1039 974 sibi
1072 922 1304 989 quisque
1335 921 1554 987 ducere,
1580 922 1816 989 trahere,
1841 938 2053 989 rapere.

347 996 438 1050 lta
478 998 657 1050 omnia
695 998 751 1050 in
789 998 925 1051 duas
963 999 1138 1067 partis
1177 997 1457 1051 abstracta
1499 1002 1655 1062 sunt3
1693 1016 1783 1051 res
1821 998 2053 1066 publica,

343 1090 485 1140 quae
520 1074 702 1128 media
734 1075 933 1142 fuerat,
972 1074 1282 1128 dilacerata
1360 1074 1620 1128 Ceterum
1656 1075 1912 1128 nobilitas
1947 1075 2054 1127 fac-

342 1151 493 1203 tione
517 1152 687 1219 magis
719 1150 976 1220 pollebat,
1004 1150 1182 1220 plebis
1207 1152 1287 1204 vis
1322 1151 1502 1204 soluta
1534 1154 1703 1218 atque
1731 1152 1976 1219 dispersa
1998 1152 2053 1203 in

343 1227 701 1280 multitudine
725 1227 902 1280 minus
926 1231 1162 1295 poterat.
1224 1228 1528 1280 Paucorum
1553 1226 1780 1280 arbitrio
1804 1227 1931 1280 belli
1957 1226 2054 1279 do-

344 1303 529 1371 mique
564 1303 905 1371 agitabatur;
939 1320 1108 1372 penes
1145 1303 1366 1357 eosdem
1403 1303 1688 1370 aerarium,
1728 1303 2052 1372 provinciae,

342 1380 710 1447 magistratuS,
734 1381 938 1448 gloriae
972 1379 1347 1448 triumphique
1383 1383 1570 1444 erant3
1602 1379 1835 1448 populus
1859 1380 2054 1434 militia

342 1460 509 1524 atque
544 1458 723 1525 inopia
762 1457 1130 1523 urguebatur-3
1166 1455 1402 1524 praedas
1437 1455 1658 1509 bellicas
1695 1455 2053 1523 imperatores

342 1549 465 1585 cum
508 1534 695 1602 paucis
730 1531 1095 1600 diripiebant3
1129 1533 1353 1592 interea¹
1375 1536 1633 1600 parentes
1669 1536 1766 1585 aut
1801 1536 1956 1601 parvi
1992 1533 2054 1585 li-

341 1608 462 1662 beri
493 1610 743 1676 militum,
775 1608 857 1662 uti
892 1609 1123 1677 quisque
1157 1609 1452 1678 potentiori
1482 1608 1709 1661 confinis
1743 1613 1879 1676 erat,
1912 1609 2054 1662 sedi-

293 1749 296 1754 ·
341 1685 445 1739 bus
477 1686 834 1754 pellebantur.
911 1687 1002 1739 Ita
1038 1702 1160 1739 cum
1192 1684 1441 1753 potentia
1476 1684 1705 1737 avaritia
1735 1685 1853 1738 sine
1889 1685 2052 1737 modo

339 1761 721 1831 modestiaque
756 1762 1031 1829 invadere,
1061 1762 1306 1831 polluere
1342 1764 1400 1815 et
1431 1763 1648 1815 vastare
1685 1761 1880 1828 omnia,
1918 1762 2051 1828 nihil

338 1840 495 1907 pensi
531 1857 708 1907 neque
742 1841 914 1893 sancti
953 1839 1173 1906 habere,
1211 1838 1392 1907 quoad
1424 1843 1599 1893 semet
1634 1838 1753 1905 ipsa
1786 1839 2053 1908 praecipi-

339 1916 495 1969 tavit.
567 1916 708 1968 Nam
747 1914 841 1968 ubi
872 1916 1109 1985 primum
1148 1933 1216 1968 ex
1247 1914 1535 1968 nobilitate
1566 1915 1774 1982 reperti
1807 1919 1934 1967 sunt
1959 1916 2052 1983 qui

338 2009 527 2045 veram
553 1993 783 2060 gloriam
820 1991 1061 2059 injustae
1089 1992 1371 2059 potentiae
1407 1995 1819 2059 anteponerent,
1846 1992 2050 2044 moveri

339 2068 532 2121 civitas
569 2072 627 2122 et
664 2068 931 2121 dissensio
968 2067 1143 2121 civilis
1178 2068 1334 2135 quasi
1371 2066 1664 2134 permixtio
1701 2069 1884 2120 terrae
1922 2068 2049 2122 oriri

338 2145 535 2213 coepit.

445 2228 527 2275 42.
594 2223 737 2276 Nam
773 2226 1065 2292 postquam
1103 2221 1354 2275 Tiberius
1391 2224 1449 2275 et
1486 2221 1543 2275 C.
1586 2221 1882 2288 GracchuS,
1927 2238 2054 2290 quo-

339 2316 464 2353 rum
499 2298 735 2367 majores
771 2299 976 2352 Punico
1000 2302 1167 2366 atque
1201 2298 1321 2350 aliis
1353 2297 1512 2351 bellis
1536 2297 1771 2351 multum
1804 2297 1884 2350 rei
1917 2299 2053 2366 pub-

340 2377 480 2430 licae
528 2375 879 2441 addiderant,
925 2374 1202 2427 vindicare
1248 2373 1465 2442 plebem
1521 2373 1577 2425 in
1626 2372 1946 2427 libertatem
1997 2380 2054 2427 et

339 2470 638 2523 pancorum
688 2452 893 2506 scelera
939 2451 1252 2520 patefacere
1301 2467 1542 2519 coepere,
1590 2450 1846 2504 nobilitas
1894 2452 2054 2504 noxia

341 2535 510 2598 atquc
535 2547 598 2583 eo
632 2528 895 2597 perculsa,
931 2528 1093 2580 modo
1125 2544 1226 2595 per
1251 2528 1422 2581 socios
1457 2543 1521 2580 ac
1548 2543 1745 2580 nomen
1780 2528 2054 2596 Latinum,

340 2606 621 2660 interdum
659 2622 759 2674 per
795 2605 1012 2673 equites
1051 2604 1338 2670 Romanos,
1376 2620 1514 2672 quos
1550 2621 1676 2672 spes
1714 2605 1989 2657 societatis
2021 2622 2054 2657 a

339 2683 506 2753 plebe
541 2680 1269 2748 dimoverat,.Gracchomm
1306 2680 1609 2733 actionibus
1646 2679 1859 2732 obviam
1896 2682 2051 2745 ierat,

342 2763 402 2813 et
439 2761 615 2829 primo
646 2758 941 2824 Tiberium,
979 2756 1107 2809 dein
1142 2772 1342 2824 paucos
1378 2760 1504 2824 post
1537 2772 1705 2808 annos
1742 2756 1935 2808 eadem
1973 2757 2052 2808 iu-

341 2836 687 2904 gredientem
726 2834 933 2900 Caium,
972 2832 1254 2886 tribunum
1300 2831 1549 2897 alterum,
1591 2832 1825 2884 alterum
1865 2832 2054 2885 trium-

341 2913 517 2966 virum
556 2911 778 2965 coloniis
811 2908 1156 2963 deducundis
1190 2924 1312 2960 cum
1352 2907 1426 2960 M.
1455 2907 1648 2959 Fulvio
1684 2907 1878 2960 Flacco
1908 2908 2053 2961 ferro

340 2991 647 3043 necaverat.
721 2988 793 3040 Et
831 3002 961 3038 sane
1005 2984 1267 3039 Gracchis
1304 2984 1558 3051 cupidine
1602 2983 1864 3037 victoriae
1906 2985 2054 3038 haud

342 3066 478 3120 satis
503 3065 818 3119 moderatus
851 3063 1064 3115 animus
1088 3061 1208 3114 fuit.
1282 3061 1392 3115 Sed
1424 3060 1566 3112 bono
1600 3059 1742 3113 vinci
1771 3060 1942 3113 satius
1967 3066 2053 3114 est

342 3159 508 3211 quam
546 3143 688 3194 malo
726 3158 878 3193 more
914 3139 1167 3206 injuriam
1206 3137 1434 3189 vincere.
1511 3136 1689 3202 Igitur
1723 3152 1788 3190 ea
1826 3137 2054 3190 victoria

340 3219 599 3272 nobilitas
631 3236 698 3270 ex
733 3216 976 3270 lubidine
1011 3232 1107 3267 sua
1137 3229 1235 3266 usa
1268 3213 1469 3265 multos
1501 3211 1747 3265 mortalis
1779 3212 1924 3264 ferro
1957 3215 2053 3263 aut

340 3295 474 3361 fuga
510 3294 788 3357 exstinxit,
823 3293 1055 3360 plusque
1093 3289 1147 3342 in
1183 3288 1453 3355 reliquum
1491 3287 1595 3339 sibi
1639 3287 1851 3341 timoris
1886 3301 2051 3352 quam
