2269 3561
926 239 963 287 J
967 239 1344 289 UGURTHA.
1894 245 1991 295 107

280 327 346 378 ut
372 321 592 377 sceleris
614 324 782 390 atque
808 321 1075 390 perfidiae
1100 322 1303 375 Bocchi
1332 323 1492 376 testis
1520 323 1754 391 adesset,
1778 339 1850 377 ex
1878 341 1993 378 cas-

282 401 386 454 tris
418 399 570 452 abire
592 397 772 465 jubet.
845 398 949 451 Ille
983 398 1289 451 lacrumans
1321 415 1478 452 orare
1512 416 1582 451 ne
1613 415 1677 452 ea
1709 400 1993 466 crederet3

282 476 418 528 nihil
458 474 585 528 dolo
624 474 832 527 factum
875 491 938 527 ac
980 474 1161 542 magis
1197 474 1498 528 calliditate
1537 476 1864 543 Jugurthae,
1903 477 1991 530 eui

283 551 541 604 videlicet
567 550 868 619 speculanti
896 551 1005 604 iter
1030 568 1189 604 suum
1219 551 1497 618 cognitum
1522 554 1696 615 esset3
1730 555 1990 619 ceterum,

284 628 539 698 quoniam
567 645 746 696 neque
769 627 1049 695 ingentem
1078 628 1487 680 multitudinem
1511 627 1756 694 haberet,
1783 631 1841 681 et
1868 635 1991 695 spes

284 721 528 774 opesque
570 704 688 771 ejus
737 721 805 756 ex
853 708 1010 772 patre
1062 721 1159 756 suo
1207 704 1523 771 penderent,
1567 704 1792 757 credere
1839 704 1992 758 illum

283 782 415 835 nihil
459 781 639 850 palam
681 797 954 846 ausurum,
997 797 1166 848 quum
1210 780 1325 848 ipse
1368 781 1510 833 filius
1547 781 1710 833 testis
1743 781 1992 846 adesset3

285 875 456 926 quare
474 862 759 925 optumum
783 858 931 911 factu
949 857 1124 910 videri
1148 874 1251 926 per
1274 857 1456 909 media
1475 857 1594 925 ejus
1611 861 1791 911 castra
1814 857 1994 925 palam

283 934 550 998 transire;
585 951 704 987 sese
733 934 818 987 vel
846 934 1162 1002 praemissis
1191 934 1279 986 vel
1311 933 1519 986 ibidem
1552 933 1757 987 relictis
1786 934 1994 987 Mauris

286 1012 461 1065 solum
492 1028 614 1064 cum
641 1011 790 1064 Sulla
812 1012 1036 1064 iturum.
1105 1010 1188 1063 Ea
1215 1027 1305 1063 res
1330 1013 1394 1063 ut
1425 1009 1482 1061 in
1508 1010 1605 1062 tali
1632 1010 1852 1077 negotio
1875 1026 1996 1078 pro-

283 1087 429 1150 bata,
462 1104 528 1140 ac
565 1089 751 1139 statim
787 1087 1037 1155 profecti,
1069 1086 1203 1155 quia
1234 1086 1309 1140 de
1340 1086 1633 1153 improviso
1668 1085 1995 1154 acciderant,

285 1163 455 1216 dubio
493 1166 663 1231 atque
700 1162 1008 1217 haesitante
1045 1164 1082 1216 J
1085 1164 1327 1231 ugurtha
1363 1163 1658 1215 incolumes
1694 1165 1996 1215 transeunt.

286 1238 505 1292 Deinde
539 1240 727 1307 paucis
763 1239 959 1293 diebus
998 1257 1107 1309 quo
1154 1240 1241 1292 irc
1278 1239 1628 1293 intenderant
1669 1241 1995 1307 perventum

287 1319 388 1370 est.

396 1398 510 1447 108.
583 1392 672 1445 Ibi
711 1409 832 1446 cum
873 1392 1090 1445 Boccho
1129 1391 1370 1445 Numida
1410 1393 1646 1461 quidam,
1684 1393 1867 1461 Aspar
1903 1409 1996 1445 no-

285 1468 447 1534 mine,
494 1469 732 1522 multum
778 1472 837 1522 et
887 1469 1230 1522 familiariter
1281 1468 1498 1536 agebat,
1545 1469 1877 1537 praemissus
1925 1469 1996 1521 ab

287 1544 322 1597 J
329 1545 584 1612 ugurtha,
610 1548 901 1614 postquam
934 1545 1139 1598 Sullam
1173 1544 1407 1598 accitum
1440 1545 1703 1612 audierat,
1729 1548 1914 1598 orator
1939 1549 1997 1598 et

288 1620 518 1674 subdole
554 1621 892 1690 speculatum
932 1620 1132 1673 Bocchi
1171 1621 1422 1686 consilia3
1469 1624 1756 1691 praeterea
1794 1620 1996 1687 Dabar,

289 1696 682 1765 Massugradae
722 1697 881 1761 filius,
922 1714 990 1750 ex
1028 1700 1198 1764 gente
1235 1697 1571 1767 Masinissae,
1607 1701 1852 1751 ceterum
1888 1714 1997 1749 ma„

287 1777 448 1828 terno
479 1791 683 1842 genere
715 1773 902 1842 impar,
927 1791 1053 1827 nam
1085 1778 1248 1842 pater
1271 1773 1391 1843 ejus
1423 1793 1491 1829 ex
1524 1774 1821 1829 concubina
1844 1778 1997 1828 ortus

290 1854 424 1916 erat,
465 1851 659 1904 Mauro
701 1850 773 1903 ob
813 1851 996 1918 ingeni
1038 1851 1215 1904 multa
1249 1851 1392 1904 bona
1427 1869 1587 1905 carus
1619 1854 1995 1919 acceptusque.

293 1928 465 1991 Quem
503 1926 748 1980 Bocchus
772 1927 943 1979 fidum
977 1924 1144 1995 [esse]
1181 1927 1441 1980 Romanis
1471 1928 1658 1981 multis
1694 1931 1823 1981 ante
1858 1930 1998 1980 tem-

288 2004 599 2074 pestatibus
635 2010 895 2071 expertus
933 2002 1075 2056 illico
1114 2003 1187 2056 ad
1226 2003 1430 2056 Sullam
1462 2005 1772 2058 nuntiatum
1807 2004 1995 2070 mittit,

289 2085 544 2148 paratum
573 2096 694 2133 sese
717 2080 898 2132 facere
922 2095 1063 2147 quae
1096 2079 1330 2147 populus
1361 2080 1636 2132 Romanus
1658 2080 1857 2146 vellet3
1892 2081 1997 2134 col-

288 2157 472 2225 loquio
517 2155 683 2223 diem,
727 2156 918 2221 locum,
961 2158 1182 2223 tempus
1227 2156 1348 2223 ipse
1389 2156 1698 2224 delegeret3
1752 2157 1998 2210 consulta

290 2249 414 2287 sese
458 2232 640 2285 omnia
685 2249 811 2286 cum
855 2231 948 2284 illo
989 2232 1209 2299 integra
1250 2232 1481 2297 habere3
1535 2250 1641 2286 neu
1684 2233 1722 2285 J
1728 2234 1998 2301 ugurthae

289 2310 533 2377 legatum
571 2310 999 2377 pertimesceret,
1036 2325 1145 2376 quo
1178 2325 1268 2361 res
1300 2308 1601 2363 communis
1628 2309 1878 2362 licentius
1909 2326 2000 2377 ge-

292 2390 541 2450 reretur;
586 2402 710 2438 nam
748 2384 822 2437 ab
855 2383 1070 2437 insidiis
1105 2383 1228 2451 ejus
1262 2384 1424 2438 aliter
1458 2385 1636 2438 caveri
1672 2385 1998 2453 nequivisse.

293 2462 405 2516 Sed
443 2479 545 2530 ego
583 2461 886 2529 comperior
925 2460 1200 2513 Bocchum
1240 2461 1414 2529 magis
1448 2461 1653 2515 Punica
1686 2461 1801 2514 fide
1832 2478 1997 2530 quam

292 2539 364 2592 ob
401 2556 467 2592 ea
507 2555 650 2607 quae
686 2537 1041 2607 praedicabat
1085 2538 1244 2591 simul
1288 2538 1561 2591 Romanos
1603 2543 1660 2592 et
1703 2539 1999 2592 Numidam

293 2631 391 2681 spe
420 2616 573 2683 pacis
601 2615 906 2681 attinuisse,
932 2614 1279 2682 multumque
1307 2631 1430 2667 cum
1456 2616 1634 2667 animo
1660 2632 1757 2668 suo
1782 2615 2000 2668 volvere

293 2692 512 2745 solitum
552 2692 587 2743 J
592 2691 887 2758 ugurtham
935 2691 1196 2744 Romanis
1236 2708 1303 2743 an
1346 2691 1423 2744 illi
1473 2691 1678 2744 Sullam
1720 2691 2001 2756 traderet3

291 2767 592 2821 lubidinem
617 2767 910 2819 advorsum
936 2784 1049 2833 neS,
1073 2770 1282 2820 metum
1308 2783 1406 2834 pro
1432 2766 1587 2818 nobis
1611 2768 1858 2820 suasisse.

404 2848 516 2894 109.
590 2841 768 2907 Igitur
810 2841 960 2895 Sulla
1006 2842 1293 2911 respondit
1341 2859 1510 2909 pauca
1558 2859 1738 2895 coram
1785 2845 2000 2912 Aspare

293 2918 618 2984 locuturum,
654 2923 838 2970 cetera
877 2918 1088 2971 occulte
1130 2923 1228 2971 aut
1267 2919 1415 2970 nullo
1457 2921 1553 2972 aut
1591 2936 1753 2988 quam
1791 2921 2000 2987 paucis-

295 2993 464 3046 sumis
505 2993 912 3061 praesentibus;
967 2994 1126 3046 simul
1161 2994 1355 3048 edocet
1387 3011 1527 3063 quae
1566 2996 1669 3048 sibi
1708 2996 2002 3065 responde-

299 3072 501 3123 rentur.
576 3070 890 3137 Postquam,
934 3071 1093 3123 sicuti
1133 3070 1398 3138 voluerat,
1435 3073 1724 3140 congressi,
1767 3074 1903 3126 dicit
1942 3091 2001 3127 se

295 3146 520 3200 missum
558 3162 591 3199 a
627 3145 850 3199 consule
886 3146 1100 3200 venisse
1138 3147 1443 3216 quaesitum
1491 3148 1560 3200 ab
1600 3166 1664 3202 eo
1702 3166 1891 3218 pacem
1930 3166 2001 3202 an

295 3223 498 3278 bellum
538 3223 848 3290 agitaturus
879 3222 1035 3276 foret.
1106 3222 1246 3277 Tum
1275 3240 1388 3289 rex,
1423 3223 1504 3277 uti
1536 3229 1892 3294 praeceptum
1918 3226 2003 3278 fu-

294 3302 433 3368 erat,
459 3303 585 3369 post
609 3298 757 3353 diem
785 3298 1076 3353 decumum
1108 3300 1295 3354 redire
1325 3298 1520 3369 jubet3
1554 3318 1620 3356 ac
1646 3302 1779 3356 nihil
1809 3301 2003 3355 etiam-
