2269 3561
949 202 986 251 J
990 202 1365 253 UGURTHA.
1946 206 2008 257 57

302 279 681 348 proficiscitur.
754 281 822 334 In
847 282 1110 337 Numidia
1132 289 1191 337 et
1216 286 1462 338 exercitu
1486 289 1672 340 nostra
1705 303 1814 355 pax
1838 288 2008 355 agita-

303 354 484 410 batur.

408 439 489 486 30.
567 432 865 502 Postquam
910 452 997 489 res
1039 436 1094 488 in
1139 436 1328 489 Africa
1361 441 1547 504 gestas
1583 454 1801 506 quoque
1842 438 2006 492 modo

300 513 455 562 actae
482 510 660 563 forent
685 511 828 563 fama
854 511 1164 579 divolgavit‚
1193 513 1399 567 Romae
1434 530 1532 581 per
1556 515 1731 567 omnis
1767 515 1912 568 locos
1949 519 2007 569 et

301 590 598 640 conventus
624 587 695 640 de
719 587 863 641 facto
889 590 1121 642 consulis
1159 590 1371 657 agitari.
1451 590 1619 659 Apud
1644 590 1863 659 plebem
1886 608 2007 659 gra-

300 663 383 715 vis
419 663 635 731 invidia,
659 668 848 733 patres
884 664 1122 734 [solliciti
1150 671 1306 720 erant
1323 665 1358 735 ;]
1393 666 1763 736 probarentne
1788 671 2004 721 tantum

299 738 565 806 flagitium
590 756 658 792 an
684 740 966 795 decretum
991 743 1226 796 consulis
1252 744 1637 797 subverterent
1660 761 1852 812 parum
1880 762 2004 798 con-

299 816 497 870 stabat.
565 819 649 871 Ac
674 835 927 872 maxume
952 836 1045 872 eos
1069 821 1318 888 potentia
1345 821 1547 884 Scauri,
1570 822 1717 889 quod
1744 821 1789 873 is
1814 825 2005 874 auctor

299 895 359 945 et
377 893 555 946 socius
585 893 803 948 Bestiae
830 895 1125 962 ferebatur,
1152 913 1185 949 a
1210 913 1337 949 vero
1374 896 1625 964 bonoque
1650 897 2000 966 impediebat.

302 971 384 1021 At
422 969 479 1022 C.
507 969 814 1038 Memmius,
840 970 996 1038 cujus
1034 970 1104 1025 de
1143 972 1399 1026 libertate
1434 973 1617 1040 ingeni
1653 977 1711 1027 et
1748 974 1874 1026 odio
1909 990 2002 1041 po-

299 1045 508 1098 tentiae
533 1045 836 1100 nobilitatis
860 1064 1026 1116 supra
1061 1048 1298 1102 diximus
1326 1050 1472 1103 inter
1510 1049 1907 1103 dubitationem
1945 1056 2002 1103 et

298 1137 477 1174 moras
525 1126 749 1175 senatus
799 1124 1142 1178 contionibus
1187 1126 1449 1194 populum
1497 1125 1569 1179 ad
1617 1125 1999 1179 vindicandum

297 1196 522 1266 hortari,
547 1216 782 1267 monere,
806 1217 875 1253 ne
911 1218 1027 1253 rem
1064 1200 1353 1269 publicam,
1392 1218 1460 1254 ne
1497 1202 1811 1255 libertatem
1847 1218 1999 1255 suam

297 1273 632 1342 desererent,
658 1276 831 1330 multa
856 1277 1091 1345 superba
1117 1283 1175 1331 et
1207 1278 1451 1331 crudelia
1476 1278 1718 1332 facinora
1751 1278 2003 1332 nobilita-

296 1351 371 1403 tis
387 1353 677 1406 ostendere
693 1374 705 1418 ;
729 1370 953 1422 prorsus
970 1354 1216 1408 intentus
1231 1355 1374 1407 omni
1390 1355 1553 1407 modo
1573 1355 1745 1423 plebis
1759 1356 1999 1408 animum

295 1428 644 1483 accendebat.
683 1430 795 1483 Sed
820 1431 1074 1498 quoniam
1100 1448 1168 1483 ea
1182 1435 1519 1499 tempestate
1548 1432 1753 1485 Romae
1772 1433 1997 1485 Memmi

294 1504 551 1558 facundia
574 1507 719 1559 clara
753 1506 1073 1575 pollensque
1108 1508 1230 1575 fuit,
1257 1508 1454 1561 decere
1478 1509 1802 1562 existumavi
1834 1525 1997 1562 unam

295 1598 365 1634 ex
402 1585 515 1635 tam
553 1583 738 1636 multis
774 1584 1077 1637 orationem
1113 1583 1236 1652 ejus
1277 1584 1631 1653 perscribere,
1668 1601 1732 1638 ac
1764 1586 1998 1654 potissu-

294 1675 444 1711 mum
470 1675 536 1712 ea
571 1659 748 1711 dicam
782 1676 921 1726 quae
957 1660 1014 1713 in
1050 1661 1301 1714 contione
1336 1665 1461 1729 post
1497 1661 1737 1715 reditum
1775 1662 1996 1716 Bestiae

293 1733 671 1804 hujuscemodi
696 1735 879 1790 vei-bis
905 1736 1199 1791 disseruit:

401 1819 483 1866 31.
520 1814 550 1839 ‘⁴
566 1812 744 1866 Multa
767 1830 855 1866 me
881 1814 1242 1868 dehortantur
1265 1831 1299 1867 a
1323 1814 1491 1881 vobis,
1519 1816 1775 1882 Quirites,
1802 1816 1857 1868 ni
1884 1819 1997 1868 stu-

294 1888 449 1941 dium
482 1889 560 1941 rei
592 1887 843 1957 publicae
878 1890 1057 1943 omnia
1087 1894 1325 1959 superet,
1360 1908 1492 1959 opes
1523 1892 1786 1958 factionis,
1813 1896 1996 1944 vostra

292 1966 575 2034 patientia,
594 1964 689 2032 jus
714 1966 938 2032 nullum,
963 1983 1025 2020 ac
1046 1983 1301 2019 maxume
1327 1967 1476 2034 quod
1502 1968 1842 2020 innocentiae
1872 1968 1995 2036 plus

291 2041 520 2110 periculi
554 2058 717 2109 quam
747 2042 966 2095 honoris
1000 2047 1099 2096 est.
1164 2042 1306 2095 Nam
1338 2042 1433 2096 illa
1468 2043 1689 2111 quidem
1724 2044 1878 2111 piget
1915 2043 1994 2095 di-

293 2134 434 2186 cere,
462 2117 544 2171 his
577 2118 729 2170 annis
760 2118 951 2184 viginti
985 2136 1150 2187 quam
1188 2118 1423 2171 ludibrio
1461 2119 1675 2172 fueritis
1708 2119 1994 2188 superbiae

290 2211 603 2264 paucorum,
632 2211 795 2262 quam
829 2194 987 2248 foede
1019 2211 1292 2263 quamque
1332 2195 1489 2248 inulti
1527 2195 1792 2263 perierint
1825 2197 1993 2248 vostri

292 2271 624 2334 defensores,
659 2274 722 2323 ut
754 2270 905 2322 vobis
937 2271 1149 2323 animus
1192 2270 1263 2324 ab
1295 2271 1509 2338 ignavia
1546 2275 1713 2338 atque
1747 2271 1995 2325 secordia

290 2351 581 2415 eorruptus
605 2348 691 2414 sit,
717 2347 810 2414 qui
836 2363 904 2399 ne
936 2364 1078 2400 nunc
1108 2347 1333 2415 quidem
1366 2348 1617 2400 obnoxiis
1648 2348 1879 2402 inimicis
1904 2365 1995 2401 ex-

290 2423 531 2491 surgitis,
555 2426 722 2490 atque
749 2423 1060 2475 etiamnunc
1091 2424 1301 2476 timetis
1335 2440 1444 2488 eos,
1481 2424 1676 2491 quibus
1701 2424 1863 2478 decet
1886 2429 1995 2478 ter-

291 2500 400 2552 rori
437 2515 570 2553 esse.
643 2498 756 2552 Sed
800 2515 1130 2567 quamquam
1164 2499 1298 2553 haec
1343 2500 1474 2553 talia
1508 2504 1647 2567 sunt,
1682 2509 1866 2555 tamen
1903 2501 1995 2554 ob-

290 2577 432 2628 viam
460 2575 542 2628 ire
574 2575 824 2628 factionis
853 2576 1134 2643 potentiae
1165 2576 1376 2629 animus
1404 2576 1622 2644 subigit.
1696 2577 1861 2631 Certe
1890 2594 1993 2645 ego

289 2651 618 2717 libertatem,
656 2668 796 2719 quae
839 2651 970 2703 mihi
1004 2668 1037 2704 a
1072 2657 1301 2721 parente
1347 2669 1468 2705 meo
1504 2653 1714 2707 tradita
1760 2658 1861 2720 est,
1901 2671 1993 2706 ex-

287 2728 499 2796 periar3
535 2744 722 2780 verum
761 2727 819 2780 id
852 2728 1055 2780 frustra
1088 2745 1158 2781 an
1207 2727 1277 2780 ob
1321 2745 1434 2781 rem
1469 2728 1678 2792 faciam,
1720 2730 1773 2781 in
1811 2735 1993 2783 vostra

288 2820 453 2856 manu
493 2803 658 2856 situm
709 2808 807 2868 est,
851 2804 1104 2867 Quirites.
1196 2805 1391 2873 Neque
1439 2822 1542 2872 ego
1597 2804 1738 2874 [vos]
1787 2805 1990 2872 hortor,

287 2879 437 2947 quod
476 2896 637 2948 saepe
680 2879 916 2947 majores
955 2881 1125 2934 vostri
1171 2881 1364 2947 fecere,
1402 2881 1484 2934 uti
1530 2886 1721 2935 contra
1766 2881 1992 2949 injurias

285 2956 483 3011 armati
509 2956 667 3008 eatis.
716 2955 862 3008 Nihil
884 2957 950 3022 vi,
970 2956 1102 3010 nihil
1123 2958 1431 3010 secessione
1457 2974 1594 3026 opus
1619 2961 1733 3022 est;
1771 2974 1991 3012 necesse

286 3037 374 3086 est
399 3035 614 3085 suomet
643 3032 747 3100 ipsi
787 3049 936 3085 more
971 3033 1299 3101 praecipites
1334 3037 1478 3086 eant.
1552 3033 1743 3087 Occiso
1774 3034 1993 3089 Tiberio

287 3108 550 3175 GracchO,
579 3125 740 3176 quem
777 3125 1002 3175 regnum
1047 3127 1244 3178 parire
1269 3109 1503 3176 aiebant,
1548 3110 1602 3162 in
1642 3111 1856 3179 plebem
1886 3112 1986 3164 Ro-

285 3201 504 3239 manain
530 3186 875 3252 quaestiones
900 3185 1117 3238 habitae
1145 3190 1299 3248 sunt3
1337 3190 1462 3252 post
1488 3187 1546 3241 C.
1574 3186 1801 3241 Gracchi
1833 3192 1891 3241 et
1917 3188 1991 3243 M.

288 3262 448 3315 Fulvi
498 3261 722 3315 caedem
773 3262 907 3314 item
955 3263 1122 3314 vostri
1168 3262 1373 3314 ordinis
1421 3262 1577 3316 multi
1627 3264 1883 3315 mortales
1938 3262 1992 3312 in
