2269 3561
922 203 960 251 J
967 202 1338 252 UGURTHA.
1922 206 1982 251 99

280 285 415 339 dere
438 301 501 338 ae
523 284 812 354 plerosque
840 287 1220 340 tantummodo
1254 286 1512 353 sauciare,
1546 288 1672 340 dein
1707 305 1872 357 super
1900 305 1985 342 oc-

279 361 515 415 cisorum
548 378 775 429 corpora
806 362 1022 427 vadere,
1051 363 1196 416 avidi
1231 363 1436 430 gloriae
1470 367 1746 416 certantes
1769 381 1985 416 murum

277 441 487 506 petere,
522 453 702 505 neque
735 455 1062 506 quemquam
1092 440 1332 491 omnium
1366 439 1572 506 praeda
1608 441 1824 492 morari.
1897 441 1987 494 Sic

280 514 425 566 forte
452 517 698 566 correcta
731 514 871 566 Mari
906 516 1190 566 temeritas
1219 515 1447 582 gloriam
1474 533 1541 567 ex
1569 517 1728 583 culpa
1761 517 1982 570 invenit.

387 595 467 642 95.
541 589 798 643 Ceterum
831 590 959 642 dum
995 607 1059 642 ea
1089 607 1180 642 res
1212 592 1440 658 geritur,
1469 591 1527 642 L.
1556 591 1704 644 Sulla
1728 597 1988 659 quaestor

279 683 404 719 cum
431 682 627 733 magno
653 666 902 733 equitatu
926 667 982 718 in
1007 671 1187 719 castra
1214 667 1377 733 venit,
1403 683 1538 733 quos
1562 671 1627 719 ut
1651 683 1719 719 ex
1745 668 1902 721 Latio
1929 672 1987 722 et

279 760 313 795 a
338 743 497 795 sociis
522 747 742 809 cogeret
776 742 978 794 Romae
1013 741 1236 795 relictus
1267 746 1399 795 erat.
1477 743 1584 796 Sed
1613 745 1861 811 quoniam
1889 763 1986 798 nos

279 819 425 872 tanti
449 819 549 871 viri
588 835 677 871 res
717 819 1014 884 admonuit,
1050 819 1305 871 idoneum
1339 820 1513 872 visum
1556 824 1641 872 est
1678 820 1749 873 dc
1790 827 1987 874 natura

281 896 541 963 cultuque
585 894 704 961 ejus
740 895 926 963 paucis
964 894 1177 958 dicere3
1219 912 1395 963 neque
1434 896 1578 948 enim
1620 895 1724 947 alio
1763 897 1879 950 loeo
1916 897 1986 951 de

283 971 466 1024 Sullae
515 970 680 1024 rebus
726 970 923 1025 dicturi
974 987 1175 1038 sumus,
1212 978 1269 1023 et
1308 971 1365 1022 L.
1406 973 1632 1024 Sisenna
1669 976 1891 1039 optume
1928 978 1986 1027 et

282 1047 717 1113 diligentissume
760 1047 997 1099 omnium
1041 1047 1134 1115 qui
1178 1064 1269 1100 eas
1308 1064 1397 1099 res
1437 1047 1628 1098 dixere
1668 1053 1985 1115 persecutus

280 1139 474 1191 parum
517 1122 647 1176 mihi
689 1123 862 1175 libero
906 1140 999 1175 ore
1048 1121 1262 1175 locutus
1300 1123 1536 1175 videtur.
1616 1123 1796 1190 Igitur
1836 1125 1986 1178 Sulla

279 1200 462 1267 gentis
485 1200 744 1266 patriciae
770 1198 963 1250 nobilis
987 1199 1110 1263 fuit,
1141 1198 1343 1250 familia.
1375 1215 1545 1266 prope
1572 1198 1688 1266 jam
1716 1201 1986 1254 exstincta

281 1275 550 1343 majorum
593 1275 822 1341 ignavia,
866 1274 1065 1327 litteris
1111 1274 1536 1341 Graecisatque
1577 1275 1787 1328 Latinis
1817 1276 1985 1344 juxta

282 1356 449 1420 atque
485 1351 815 1405 doctissume
856 1350 1119 1415 eruditus,
1161 1350 1338 1402 animo
1376 1351 1599 1417 ingenti,
1640 1352 1868 1419 cupidus
1894 1370 1983 1407 vo-

280 1428 571 1497 luptatum,
611 1428 709 1480 sed
751 1427 954 1494 gloriae
1000 1426 1252 1494 cupidior
1268 1448 1281 1490 ;
1335 1427 1446 1479 otio
1485 1427 1761 1481 luxurioso
1803 1428 1982 1499 [esse],

280 1509 466 1560 tamen
513 1505 583 1558 ab
622 1504 855 1571 negotiis
897 1520 1191 1571 numquam
1242 1503 1492 1571 voluptas
1541 1508 1828 1571 remorata,
1878 1506 1981 1558 nisi

282 1581 431 1650 quod
458 1581 527 1633 de
551 1598 717 1633 uxore
741 1579 924 1649 potuit
955 1578 1237 1632 honestius
1263 1579 1466 1632 consuli
1486 1600 1498 1643 ;
1533 1580 1813 1640 facundus,
1837 1581 1983 1634 calli-

281 1658 385 1710 dus
428 1663 485 1711 et
522 1656 760 1710 amicitia
798 1655 1003 1717 facilis;
1044 1655 1115 1707 ad
1148 1655 1451 1708 simulanda
1491 1658 1708 1724 negotia
1746 1657 1982 1711 altitudo

279 1734 462 1803 ingeni
491 1731 856 1797 incredibilis3
889 1732 1186 1785 multarum
1220 1748 1401 1786 reruni
1440 1750 1502 1787 ae
1542 1749 1793 1787 maxume
1822 1751 1982 1802 pecu-

280 1812 405 1865 niae
429 1812 668 1878 largitor.
747 1811 931 1877 Atque
967 1809 1045 1861 illi
1080 1809 1406 1862 felicissumo
1441 1810 1679 1862 omnium
1705 1815 1832 1863 ante
1855 1811 1981 1864 eivi-

279 1888 388 1941 lem
415 1887 693 1940 victoriam
727 1902 1021 1952 numquam
1058 1902 1223 1953 super
1251 1885 1578 1938 industriam
1612 1886 1831 1938 fortuna
1857 1887 1979 1951 fuit,

280 1965 549 2032 multique
574 1963 897 2016 dubitavere
913 1960 1106 2013 fortior
1124 1976 1193 2011 an
1211 1960 1418 2013 felicior
1442 1965 1618 2024 esset;
1642 1978 1766 2013 nam
1790 1965 1982 2029 postea

280 2057 424 2109 quae
460 2040 654 2092 feeerit
692 2039 961 2091 incertum
999 2035 1175 2089 habeo
1221 2037 1428 2104 pudeat
1472 2037 1648 2104 magis
1688 2053 1758 2089 an
1796 2037 1981 2105 pigeat

281 2118 568 2170 disserere.

387 2199 468 2247 96.
541 2192 722 2260 Igitur
747 2191 911 2256 Sulla,
944 2191 1024 2244 uti
1055 2207 1221 2258 supra
1250 2189 1457 2244 dietum
1484 2194 1584 2256 est,
1611 2194 1897 2259 postquam
1925 2192 1978 2244 in

281 2270 528 2324 Africam
554 2273 719 2337 atque
743 2268 797 2319 in
823 2270 1002 2320 castra
1038 2267 1178 2320 Mari
1211 2284 1332 2320 cuni
1365 2268 1615 2335 equitatu
1638 2269 1803 2333 venit,
1829 2268 1980 2320 rudis

280 2350 447 2399 antea
472 2349 530 2399 et
558 2345 780 2413 ignarus
809 2343 955 2409 belli,
986 2343 1408 2396 sollertissumus
1441 2344 1678 2396 omnium
1708 2345 1762 2396 in
1794 2345 1981 2412 paucis

277 2421 705 2491 tempestatibus
729 2421 904 2473 factus
929 2423 1024 2473 est.
1080 2421 1171 2473 Ad
1195 2420 1296 2472 hoc
1320 2420 1520 2474 milites
1545 2420 1778 2487 benigne
1802 2421 1981 2489 appel-

277 2500 412 2564 lare,
438 2498 622 2551 multis
648 2497 981 2564 rogaiitibuS‚
1011 2496 1129 2549 aliis
1166 2513 1266 2564 per
1299 2513 1355 2549 se
1389 2497 1504 2564 ipse
1534 2496 1668 2549 dare
1700 2495 1979 2561 beneficia,

279 2576 485 2630 invitus
513 2575 771 2642 accipere,
809 2572 904 2625 sed
929 2590 994 2625 ea
1017 2573 1399 2640 properantius
1425 2589 1585 2638 quam
1612 2589 1704 2625 aes
1729 2577 1977 2626 mutuum

279 2651 531 2717 reddere,
556 2652 672 2719 ipse
696 2649 766 2702 ab
793 2649 937 2701 nullo
963 2653 1229 2715 repetere,
1255 2649 1428 2715 magis
1453 2648 1510 2700 id
1542 2648 1789 2701 laborare
1812 2651 1878 2702 ut
1901 2649 1977 2702 illi

280 2745 447 2797 quam
482 2727 718 2795 plurumi
752 2725 1036 2791 deberent,
1059 2723 1188 2791 joca
1223 2728 1391 2793 atque
1421 2725 1560 2777 seria
1584 2741 1703 2776 cum
1730 2724 1979 2778 humillu-

277 2805 384 2859 mis
431 2820 607 2871 agere,
655 2803 709 2856 in
758 2800 1029 2868 operibus,
1079 2801 1134 2853 in
1179 2802 1393 2868 agmine
1444 2806 1607 2869 atque
1656 2800 1729 2853 ad
1767 2801 1979 2868 vigilias

276 2882 485 2934 multus
509 2880 717 2944 adesse,
742 2895 920 2945 neque
945 2877 1179 2942 interim,
1208 2876 1354 2945 quod
1381 2893 1549 2945 prava
1573 2877 1799 2931 ambitio
1826 2878 1976 2939 solet,

279 2957 514 3012 consulis
529 2961 624 3009 aut
642 2956 964 3024 cujusquam
990 2954 1115 3006 boni
1134 2956 1333 3006 famam
1350 2948 1583 3018 laedere,
1602 2957 1627 3005 t
1645 2955 1979 3008 *ntummodo

276 3050 457 3102 neque
477 3033 697 3087 consilio
717 3048 894 3100 neque
921 3048 1084 3083 manu
1110 3030 1347 3098 priorem
1367 3029 1532 3081 alium
1547 3029 1677 3095 pati,
1693 3029 1979 3100 plerosque

277 3109 611 3165 antevenire.
686 3109 819 3175 Quis
856 3108 1020 3161 rebus
1054 3110 1112 3159 et
1147 3105 1357 3159 artibus
1397 3105 1549 3158 brevi
1585 3105 1762 3157 Mario
1793 3106 1977 3160 militi-

274 3185 494 3255 busque
517 3185 842 3241 carissumus
865 3183 1056 3236 factus,

384 3267 468 3323 97.
540 3262 621 3317 At
644 3262 681 3316 J
685 3260 940 3329 ugurtha,
964 3261 1252 3327 postquam
1279 3255 1540 3325 oppidum
1567 3255 1796 3325 Capsam
1822 3256 1978 3309 alios·
