<?xml version="1.0" encoding="UTF-8"?>
<!DOCTYPE html PUBLIC "-//W3C//DTD XHTML 1.0 Transitional//EN"
    "http://www.w3.org/TR/xhtml1/DTD/xhtml1-transitional.dtd">
<html xmlns="http://www.w3.org/1999/xhtml" xml:lang="en" lang="en">
 <head>
  <title>
</title>
<meta http-equiv="Content-Type" content="text/html;charset=utf-8" />
  <meta name='ocr-system' content='tesseract 3.04.00' />
  <meta name='ocr-capabilities' content='ocr_page ocr_carea ocr_par ocr_line ocrx_word'/>
</head>
<body>
  <div class='ocr_page' id='page_1' title='image "./catilinaetjugur01sallgoog_0100.png"; bbox 0 0 2269 3561; ppageno 0'>
   <div class='ocr_carea' id='block_1_1' title="bbox 251 172 1453 226">
    <p class='ocr_par' dir='ltr' id='par_1_1' title="bbox 251 172 1453 226">
     <span class='ocr_line' id='line_1_1' title="bbox 251 172 1453 226; baseline -0.005 0"><span class='ocrx_word' id='word_1_1' title='bbox 251 179 312 226; x_wconf 90' lang='grc'><strong>86</strong></span> <span class='ocrx_word' id='word_1_2' title='bbox 746 174 800 222; x_wconf 84' lang='lat' dir='ltr'><strong>C.</strong></span> <span class='ocrx_word' id='word_1_3' title='bbox 839 172 1184 222; x_wconf 86' lang='lat' dir='ltr'><strong>SALLUSTI</strong></span> <span class='ocrx_word' id='word_1_4' title='bbox 1222 173 1453 221; x_wconf 87' lang='lat' dir='ltr'><strong>CRISPI</strong></span> 
     </span>
    </p>
   </div>
   <div class='ocr_carea' id='block_1_2' title="bbox 249 254 1972 3297">
    <p class='ocr_par' dir='ltr' id='par_1_2' title="bbox 249 254 1961 1087">
     <span class='ocr_line' id='line_1_2' title="bbox 250 254 1956 320; baseline -0.001 -10"><span class='ocrx_word' id='word_1_5' title='bbox 250 256 522 310; x_wconf 89' lang='lat' dir='ltr'><strong>hominem</strong></span> <span class='ocrx_word' id='word_1_6' title='bbox 554 254 807 319; x_wconf 89' lang='lat' dir='ltr'><strong>nobilem,</strong></span> <span class='ocrx_word' id='word_1_7' title='bbox 840 254 1142 317; x_wconf 89' lang='lat' dir='ltr'><strong>factiosum,</strong></span> <span class='ocrx_word' id='word_1_8' title='bbox 1177 255 1329 307; x_wconf 87' lang='lat' dir='ltr'><strong>novis</strong></span> <span class='ocrx_word' id='word_1_9' title='bbox 1370 254 1536 307; x_wconf 81' lang='lat' dir='ltr'><strong>rebus</strong></span> <span class='ocrx_word' id='word_1_10' title='bbox 1579 254 1819 320; x_wconf 88' lang='lat' dir='ltr'><strong>studere,</strong></span> <span class='ocrx_word' id='word_1_11' title='bbox 1862 254 1956 308; x_wconf 90' lang='lat' dir='ltr'><strong>ad·</strong></span> 
     </span>
     <span class='ocr_line' id='line_1_3' title="bbox 251 330 1958 400; baseline -0.002 -13"><span class='ocrx_word' id='word_1_12' title='bbox 251 349 467 387; x_wconf 82' lang='lat' dir='ltr'>vorsum</span> <span class='ocrx_word' id='word_1_13' title='bbox 502 348 662 400; x_wconf 87' lang='lat' dir='ltr'><strong>quem</strong></span> <span class='ocrx_word' id='word_1_14' title='bbox 688 346 866 398; x_wconf 90' lang='lat' dir='ltr'><strong>neque</strong></span> <span class='ocrx_word' id='word_1_15' title='bbox 896 330 1126 398; x_wconf 90' lang='lat' dir='ltr'><strong>imperia</strong></span> <span class='ocrx_word' id='word_1_16' title='bbox 1151 330 1570 397; x_wconf 79' lang='lat' dir='ltr'><strong>magistratuum</strong></span> <span class='ocrx_word' id='word_1_17' title='bbox 1595 348 1772 398; x_wconf 86' lang='lat' dir='ltr'><strong>neque</strong></span> <span class='ocrx_word' id='word_1_18' title='bbox 1804 332 1958 399; x_wconf 87' lang='lat' dir='ltr'><strong>leges</strong></span> 
     </span>
     <span class='ocr_line' id='line_1_4' title="bbox 250 406 1955 475; baseline -0.001 -13"><span class='ocrx_word' id='word_1_19' title='bbox 250 409 529 473; x_wconf 84' lang='lat' dir='ltr'><strong>valerent3</strong></span> <span class='ocrx_word' id='word_1_20' title='bbox 587 407 644 459; x_wconf 90' lang='lat' dir='ltr'><strong>ni</strong></span> <span class='ocrx_word' id='word_1_21' title='bbox 689 406 748 460; x_wconf 91' lang='lat' dir='ltr'><strong>id</strong></span> <span class='ocrx_word' id='word_1_22' title='bbox 794 406 1095 471; x_wconf 74' lang='lat' dir='ltr'><strong>festinaret,</strong></span> <span class='ocrx_word' id='word_1_23' title='bbox 1145 407 1199 458; x_wconf 91' lang='lat' dir='ltr'><strong>in</strong></span> <span class='ocrx_word' id='word_1_24' title='bbox 1253 424 1462 460; x_wconf 90' lang='lat' dir='ltr'><strong>summo</strong></span> <span class='ocrx_word' id='word_1_25' title='bbox 1511 408 1751 475; x_wconf 89' lang='lat' dir='ltr'><strong>periculo</strong></span> <span class='ocrx_word' id='word_1_26' title='bbox 1801 425 1955 460; x_wconf 88' lang='lat' dir='ltr'><strong>suam</strong></span> 
     </span>
     <span class='ocr_line' id='line_1_5' title="bbox 251 483 1958 552; baseline -0.001 -14"><span class='ocrx_word' id='word_1_27' title='bbox 251 486 499 552; x_wconf 88' lang='lat' dir='ltr'><strong>salutem,</strong></span> <span class='ocrx_word' id='word_1_28' title='bbox 534 484 750 536; x_wconf 90' lang='lat' dir='ltr'><strong>illorum</strong></span> <span class='ocrx_word' id='word_1_29' title='bbox 788 484 959 536; x_wconf 89' lang='lat' dir='ltr'><strong>socios</strong></span> <span class='ocrx_word' id='word_1_30' title='bbox 993 483 1119 536; x_wconf 90' lang='lat' dir='ltr'><strong>fore.</strong></span> <span class='ocrx_word' id='word_1_31' title='bbox 1197 483 1339 535; x_wconf 90' lang='lat' dir='ltr'><strong>Nam</strong></span> <span class='ocrx_word' id='word_1_32' title='bbox 1372 483 1645 551; x_wconf 80' lang='lat' dir='ltr'><strong>Leptitani</strong></span> <span class='ocrx_word' id='word_1_33' title='bbox 1676 483 1793 551; x_wconf 89' lang='lat' dir='ltr'><strong>jam</strong></span> <span class='ocrx_word' id='word_1_34' title='bbox 1827 483 1958 538; x_wconf 87' lang='lat' dir='ltr'><strong>inde</strong></span> 
     </span>
     <span class='ocr_line' id='line_1_6' title="bbox 249 559 1958 630; baseline 0.001 -16"><span class='ocrx_word' id='word_1_35' title='bbox 249 579 282 614; x_wconf 90' lang='lat' dir='ltr'><strong>a</strong></span> <span class='ocrx_word' id='word_1_36' title='bbox 322 561 587 630; x_wconf 91' lang='lat' dir='ltr'><strong>principio</strong></span> <span class='ocrx_word' id='word_1_37' title='bbox 634 559 763 612; x_wconf 90' lang='lat' dir='ltr'><strong>belli</strong></span> <span class='ocrx_word' id='word_1_38' title='bbox 806 560 840 612; x_wconf 83' lang='lat' dir='ltr'>J</span> <span class='ocrx_word' id='word_1_39' title='bbox 847 559 1126 627; x_wconf 88' lang='lat' dir='ltr'><strong>ugurthini</strong></span> <span class='ocrx_word' id='word_1_40' title='bbox 1171 560 1242 612; x_wconf 90' lang='lat' dir='ltr'><strong>ad</strong></span> <span class='ocrx_word' id='word_1_41' title='bbox 1293 559 1533 613; x_wconf 83' lang='lat' dir='ltr'><strong>Bestiam</strong></span> <span class='ocrx_word' id='word_1_42' title='bbox 1579 559 1851 613; x_wconf 87' lang='lat' dir='ltr'><strong>consulem</strong></span> <span class='ocrx_word' id='word_1_43' title='bbox 1897 566 1958 615; x_wconf 90' lang='lat' dir='ltr'><strong>et</strong></span> 
     </span>
     <span class='ocr_line' id='line_1_7' title="bbox 250 635 1958 705; baseline -0.001 -15"><span class='ocrx_word' id='word_1_44' title='bbox 250 642 443 705; x_wconf 91' lang='lat' dir='ltr'><strong>postea</strong></span> <span class='ocrx_word' id='word_1_45' title='bbox 471 637 697 689; x_wconf 84' lang='lat' dir='ltr'><strong>Romam</strong></span> <span class='ocrx_word' id='word_1_46' title='bbox 732 636 991 688; x_wconf 84' lang='lat' dir='ltr'><strong>miserant</strong></span> <span class='ocrx_word' id='word_1_47' title='bbox 1022 635 1315 689; x_wconf 82' lang='lat' dir='ltr'><strong>amicitiam</strong></span> <span class='ocrx_word' id='word_1_48' title='bbox 1345 637 1771 705; x_wconf 85' lang='lat' dir='ltr'><strong>societatemque</strong></span> <span class='ocrx_word' id='word_1_49' title='bbox 1798 655 1958 705; x_wconf 75' lang='lat' dir='ltr'><strong>roga-</strong></span> 
     </span>
     <span class='ocr_line' id='line_1_8' title="bbox 250 711 1958 782; baseline 0 -15"><span class='ocrx_word' id='word_1_50' title='bbox 250 720 384 767; x_wconf 90' lang='lat' dir='ltr'><strong>tum.</strong></span> <span class='ocrx_word' id='word_1_51' title='bbox 459 712 689 776; x_wconf 90' lang='lat' dir='ltr'><strong>Deinde,</strong></span> <span class='ocrx_word' id='word_1_52' title='bbox 714 711 808 764; x_wconf 91' lang='lat' dir='ltr'><strong>ubi</strong></span> <span class='ocrx_word' id='word_1_53' title='bbox 832 728 897 764; x_wconf 88' lang='lat' dir='ltr'><strong>ea</strong></span> <span class='ocrx_word' id='word_1_54' title='bbox 921 711 1230 780; x_wconf 87' lang='lat' dir='ltr'><strong>impetrata,</strong></span> <span class='ocrx_word' id='word_1_55' title='bbox 1257 730 1473 780; x_wconf 81' lang='lat' dir='ltr'><strong>semper</strong></span> <span class='ocrx_word' id='word_1_56' title='bbox 1496 713 1622 766; x_wconf 90' lang='lat' dir='ltr'><strong>boni</strong></span> <span class='ocrx_word' id='word_1_57' title='bbox 1654 713 1958 782; x_wconf 89' lang='lat' dir='ltr'><strong>fidelesque</strong></span> 
     </span>
     <span class='ocr_line' id='line_1_9' title="bbox 251 788 1959 857; baseline 0.001 -15"><span class='ocrx_word' id='word_1_58' title='bbox 251 806 500 843; x_wconf 86' lang='lat' dir='ltr'><strong>mansere</strong></span> <span class='ocrx_word' id='word_1_59' title='bbox 525 792 584 841; x_wconf 90' lang='lat' dir='ltr'><strong>et</strong></span> <span class='ocrx_word' id='word_1_60' title='bbox 607 792 803 841; x_wconf 89' lang='lat' dir='ltr'><strong>cuncta</strong></span> <span class='ocrx_word' id='word_1_61' title='bbox 825 804 858 840; x_wconf 90' lang='lat' dir='ltr'><strong>a</strong></span> <span class='ocrx_word' id='word_1_62' title='bbox 883 788 1072 841; x_wconf 87' lang='lat' dir='ltr'><strong>Bestia</strong></span> <span class='ocrx_word' id='word_1_63' title='bbox 1097 788 1300 840; x_wconf 89' lang='lat' dir='ltr'><strong>Albino</strong></span> <span class='ocrx_word' id='word_1_64' title='bbox 1325 789 1661 857; x_wconf 88' lang='lat' dir='ltr'><strong>Metelloque</strong></span> <span class='ocrx_word' id='word_1_65' title='bbox 1685 790 1959 857; x_wconf 85' lang='lat' dir='ltr'><strong>imperata</strong></span> 
     </span>
     <span class='ocr_line' id='line_1_10' title="bbox 251 865 1959 935; baseline 0.001 -17"><span class='ocrx_word' id='word_1_66' title='bbox 251 883 388 919; x_wconf 84' lang='lat' dir='ltr'><strong>nave</strong></span> <span class='ocrx_word' id='word_1_67' title='bbox 415 866 670 919; x_wconf 85' lang='lat' dir='ltr'><strong>fecerant.</strong></span> <span class='ocrx_word' id='word_1_68' title='bbox 747 865 945 933; x_wconf 85' lang='lat' dir='ltr'><strong>Itaque</strong></span> <span class='ocrx_word' id='word_1_69' title='bbox 979 865 1049 918; x_wconf 90' lang='lat' dir='ltr'><strong>ab</strong></span> <span class='ocrx_word' id='word_1_70' title='bbox 1081 865 1411 933; x_wconf 88' lang='lat' dir='ltr'><strong>imperatore</strong></span> <span class='ocrx_word' id='word_1_71' title='bbox 1441 866 1600 918; x_wconf 87' lang='lat' dir='ltr'><strong>facile</strong></span> <span class='ocrx_word' id='word_1_72' title='bbox 1630 883 1773 933; x_wconf 87' lang='lat' dir='ltr'><strong>quae</strong></span> <span class='ocrx_word' id='word_1_73' title='bbox 1805 872 1959 935; x_wconf 88' lang='lat' dir='ltr'><strong>pete-</strong></span> 
     </span>
     <span class='ocr_line' id='line_1_11' title="bbox 250 941 1961 1011; baseline 0.001 -16"><span class='ocrx_word' id='word_1_74' title='bbox 250 942 386 995; x_wconf 88' lang='lat' dir='ltr'><strong>bant</strong></span> <span class='ocrx_word' id='word_1_75' title='bbox 411 941 615 1010; x_wconf 82' lang='lat' dir='ltr'><strong>adepti.</strong></span> <span class='ocrx_word' id='word_1_76' title='bbox 689 942 891 995; x_wconf 86' lang='lat' dir='ltr'><strong>Missae</strong></span> <span class='ocrx_word' id='word_1_77' title='bbox 923 958 988 995; x_wconf 91' lang='lat' dir='ltr'><strong>eo</strong></span> <span class='ocrx_word' id='word_1_78' title='bbox 1020 942 1274 995; x_wconf 86' lang='lat' dir='ltr'><strong>cohortes</strong></span> <span class='ocrx_word' id='word_1_79' title='bbox 1307 941 1569 1009; x_wconf 86' lang='lat' dir='ltr'><strong>Ligurum</strong></span> <span class='ocrx_word' id='word_1_80' title='bbox 1604 947 1871 1011; x_wconf 89' lang='lat' dir='ltr'><strong>quattuor</strong></span> <span class='ocrx_word' id='word_1_81' title='bbox 1898 948 1961 997; x_wconf 92' lang='lat' dir='ltr'><strong>et</strong></span> 
     </span>
     <span class='ocr_line' id='line_1_12' title="bbox 252 1018 900 1087; baseline -0.003 -15"><span class='ocrx_word' id='word_1_82' title='bbox 252 1018 310 1072; x_wconf 83' lang='lat' dir='ltr'><strong>G.</strong></span> <span class='ocrx_word' id='word_1_83' title='bbox 341 1018 554 1071; x_wconf 86' lang='lat' dir='ltr'><strong>Annius</strong></span> <span class='ocrx_word' id='word_1_84' title='bbox 577 1018 900 1087; x_wconf 87' lang='lat' dir='ltr'><strong>praefectus.</strong></span> 
     </span>
    </p>

    <p class='ocr_par' dir='ltr' id='par_1_3' title="bbox 250 1094 1964 2215">
     <span class='ocr_line' id='line_1_13' title="bbox 359 1094 1960 1163; baseline -0.001 -13"><span class='ocrx_word' id='word_1_85' title='bbox 359 1097 437 1150; x_wconf 79' lang='lat'><strong>78.</strong></span> <span class='ocrx_word' id='word_1_86' title='bbox 514 1094 584 1146; x_wconf 90' lang='lat' dir='ltr'><strong>Id</strong></span> <span class='ocrx_word' id='word_1_87' title='bbox 613 1094 872 1162; x_wconf 90' lang='lat' dir='ltr'><strong>oppidum</strong></span> <span class='ocrx_word' id='word_1_88' title='bbox 904 1094 975 1147; x_wconf 88' lang='lat' dir='ltr'><strong>ab</strong></span> <span class='ocrx_word' id='word_1_89' title='bbox 1009 1094 1245 1147; x_wconf 85' lang='lat' dir='ltr'><strong>Sidoniis</strong></span> <span class='ocrx_word' id='word_1_90' title='bbox 1274 1094 1554 1147; x_wconf 89' lang='lat' dir='ltr'><strong>conditum</strong></span> <span class='ocrx_word' id='word_1_91' title='bbox 1578 1098 1679 1161; x_wconf 90' lang='lat' dir='ltr'><strong>est,</strong></span> <span class='ocrx_word' id='word_1_92' title='bbox 1704 1112 1842 1163; x_wconf 87' lang='lat' dir='ltr'><strong>quos</strong></span> <span class='ocrx_word' id='word_1_93' title='bbox 1871 1113 1960 1150; x_wconf 90' lang='lat' dir='ltr'><strong>ac-</strong></span> 
     </span>
     <span class='ocr_line' id='line_1_14' title="bbox 251 1170 1959 1240; baseline 0.002 -16"><span class='ocrx_word' id='word_1_94' title='bbox 251 1171 496 1240; x_wconf 89' lang='lat' dir='ltr'><strong>cepimus</strong></span> <span class='ocrx_word' id='word_1_95' title='bbox 537 1171 795 1239; x_wconf 90' lang='lat' dir='ltr'><strong>profugos</strong></span> <span class='ocrx_word' id='word_1_96' title='bbox 833 1171 903 1224; x_wconf 89' lang='lat' dir='ltr'><strong>ob</strong></span> <span class='ocrx_word' id='word_1_97' title='bbox 946 1170 1245 1223; x_wconf 87' lang='lat' dir='ltr'><strong>discordias</strong></span> <span class='ocrx_word' id='word_1_98' title='bbox 1283 1170 1456 1224; x_wconf 88' lang='lat' dir='ltr'><strong>civilis</strong></span> <span class='ocrx_word' id='word_1_99' title='bbox 1497 1171 1725 1224; x_wconf 86' lang='lat' dir='ltr'><strong>navibus</strong></span> <span class='ocrx_word' id='word_1_100' title='bbox 1768 1173 1822 1225; x_wconf 91' lang='lat' dir='ltr'><strong>in</strong></span> <span class='ocrx_word' id='word_1_101' title='bbox 1866 1190 1959 1227; x_wconf 92' lang='lat' dir='ltr'><strong>eos</strong></span> 
     </span>
     <span class='ocr_line' id='line_1_15' title="bbox 251 1247 1961 1317; baseline 0.002 -17"><span class='ocrx_word' id='word_1_102' title='bbox 251 1248 396 1301; x_wconf 91' lang='lat' dir='ltr'><strong>locos</strong></span> <span class='ocrx_word' id='word_1_103' title='bbox 428 1248 675 1311; x_wconf 84' lang='lat' dir='ltr'><strong>venisse3</strong></span> <span class='ocrx_word' id='word_1_104' title='bbox 714 1252 957 1299; x_wconf 86' lang='lat' dir='ltr'><strong>ceterum</strong></span> <span class='ocrx_word' id='word_1_105' title='bbox 991 1248 1157 1299; x_wconf 82' lang='lat' dir='ltr'><strong>situm</strong></span> <span class='ocrx_word' id='word_1_106' title='bbox 1192 1247 1340 1300; x_wconf 87' lang='lat' dir='ltr'><strong>inter</strong></span> <span class='ocrx_word' id='word_1_107' title='bbox 1373 1247 1510 1300; x_wconf 84' lang='lat' dir='ltr'><strong>duas</strong></span> <span class='ocrx_word' id='word_1_108' title='bbox 1545 1248 1734 1315; x_wconf 86' lang='lat' dir='ltr'><strong>Syrtis,</strong></span> <span class='ocrx_word' id='word_1_109' title='bbox 1758 1249 1961 1317; x_wconf 87' lang='lat' dir='ltr'><strong>quibus</strong></span> 
     </span>
     <span class='ocr_line' id='line_1_16' title="bbox 250 1323 1961 1394; baseline 0.002 -19"><span class='ocrx_word' id='word_1_110' title='bbox 250 1340 450 1379; x_wconf 89' lang='lat' dir='ltr'><strong>nomen</strong></span> <span class='ocrx_word' id='word_1_111' title='bbox 489 1340 557 1376; x_wconf 85' lang='lat' dir='ltr'><strong>ex</strong></span> <span class='ocrx_word' id='word_1_112' title='bbox 594 1340 655 1376; x_wconf 89' lang='lat' dir='ltr'><strong>re</strong></span> <span class='ocrx_word' id='word_1_113' title='bbox 690 1323 939 1376; x_wconf 90' lang='lat' dir='ltr'><strong>inditum.</strong></span> <span class='ocrx_word' id='word_1_114' title='bbox 1013 1323 1157 1375; x_wconf 89' lang='lat' dir='ltr'><strong>Nam</strong></span> <span class='ocrx_word' id='word_1_115' title='bbox 1197 1323 1306 1375; x_wconf 92' lang='lat' dir='ltr'><strong>duo</strong></span> <span class='ocrx_word' id='word_1_116' title='bbox 1345 1327 1471 1376; x_wconf 91' lang='lat' dir='ltr'><strong>sunt</strong></span> <span class='ocrx_word' id='word_1_117' title='bbox 1510 1323 1658 1376; x_wconf 90' lang='lat' dir='ltr'><strong>sinus</strong></span> <span class='ocrx_word' id='word_1_118' title='bbox 1695 1342 1868 1394; x_wconf 88' lang='lat' dir='ltr'><strong>prope</strong></span> <span class='ocrx_word' id='word_1_119' title='bbox 1901 1326 1961 1379; x_wconf 92' lang='lat' dir='ltr'><strong>in</strong></span> 
     </span>
     <span class='ocr_line' id='line_1_17' title="bbox 254 1398 1962 1468; baseline 0.001 -15"><span class='ocrx_word' id='word_1_120' title='bbox 254 1404 501 1453; x_wconf 85' lang='lat' dir='ltr'><strong>extrema</strong></span> <span class='ocrx_word' id='word_1_121' title='bbox 522 1399 724 1465; x_wconf 88' lang='lat' dir='ltr'><strong>Africa,</strong></span> <span class='ocrx_word' id='word_1_122' title='bbox 748 1399 985 1467; x_wconf 84' lang='lat' dir='ltr'><strong>impares</strong></span> <span class='ocrx_word' id='word_1_123' title='bbox 1008 1398 1402 1466; x_wconf 84' lang='lat' dir='ltr'><strong>magnitudine,</strong></span> <span class='ocrx_word' id='word_1_124' title='bbox 1427 1400 1546 1466; x_wconf 88' lang='lat' dir='ltr'><strong>pari</strong></span> <span class='ocrx_word' id='word_1_125' title='bbox 1569 1405 1794 1465; x_wconf 80' lang='lat' dir='ltr'><strong>natura3</strong></span> <span class='ocrx_word' id='word_1_126' title='bbox 1827 1418 1962 1468; x_wconf 92' lang='lat' dir='ltr'><strong>quo-</strong></span> 
     </span>
     <span class='ocr_line' id='line_1_18' title="bbox 253 1475 1961 1546; baseline 0.002 -18"><span class='ocrx_word' id='word_1_127' title='bbox 253 1492 373 1528; x_wconf 89' lang='lat' dir='ltr'><strong>rum</strong></span> <span class='ocrx_word' id='word_1_128' title='bbox 399 1492 666 1544; x_wconf 86' lang='lat' dir='ltr'><strong>proxuma</strong></span> <span class='ocrx_word' id='word_1_129' title='bbox 689 1480 870 1529; x_wconf 89' lang='lat' dir='ltr'><strong>terrae</strong></span> <span class='ocrx_word' id='word_1_130' title='bbox 899 1475 1149 1543; x_wconf 87' lang='lat' dir='ltr'><strong>praealta</strong></span> <span class='ocrx_word' id='word_1_131' title='bbox 1177 1478 1318 1542; x_wconf 89' lang='lat' dir='ltr'><strong>sunt,</strong></span> <span class='ocrx_word' id='word_1_132' title='bbox 1344 1481 1541 1541; x_wconf 88' lang='lat' dir='ltr'><strong>cetera,</strong></span> <span class='ocrx_word' id='word_1_133' title='bbox 1567 1477 1649 1529; x_wconf 91' lang='lat' dir='ltr'><strong>uti</strong></span> <span class='ocrx_word' id='word_1_134' title='bbox 1677 1477 1791 1529; x_wconf 90' lang='lat' dir='ltr'><strong>fors</strong></span> <span class='ocrx_word' id='word_1_135' title='bbox 1814 1478 1961 1546; x_wconf 86' lang='lat' dir='ltr'><strong>tulit,</strong></span> 
     </span>
     <span class='ocr_line' id='line_1_19' title="bbox 253 1551 1961 1622; baseline 0.001 -18"><span class='ocrx_word' id='word_1_136' title='bbox 253 1551 380 1618; x_wconf 90' lang='lat' dir='ltr'><strong>alta,</strong></span> <span class='ocrx_word' id='word_1_137' title='bbox 420 1552 525 1604; x_wconf 90' lang='lat' dir='ltr'><strong>alia</strong></span> <span class='ocrx_word' id='word_1_138' title='bbox 561 1552 616 1604; x_wconf 93' lang='lat' dir='ltr'><strong>in</strong></span> <span class='ocrx_word' id='word_1_139' title='bbox 655 1554 989 1619; x_wconf 88' lang='lat' dir='ltr'><strong>tempestate</strong></span> <span class='ocrx_word' id='word_1_140' title='bbox 1025 1551 1239 1604; x_wconf 86' lang='lat' dir='ltr'><strong>vadosa.</strong></span> <span class='ocrx_word' id='word_1_141' title='bbox 1312 1551 1456 1605; x_wconf 91' lang='lat' dir='ltr'><strong>Nam</strong></span> <span class='ocrx_word' id='word_1_142' title='bbox 1491 1551 1586 1605; x_wconf 91' lang='lat' dir='ltr'><strong>ubi</strong></span> <span class='ocrx_word' id='word_1_143' title='bbox 1623 1570 1773 1606; x_wconf 87' lang='lat' dir='ltr'><strong>mare</strong></span> <span class='ocrx_word' id='word_1_144' title='bbox 1809 1571 1961 1622; x_wconf 88' lang='lat' dir='ltr'><strong>mag-</strong></span> 
     </span>
     <span class='ocr_line' id='line_1_20' title="bbox 253 1627 1962 1697; baseline 0.002 -17"><span class='ocrx_word' id='word_1_145' title='bbox 253 1645 383 1681; x_wconf 91' lang='lat' dir='ltr'><strong>num</strong></span> <span class='ocrx_word' id='word_1_146' title='bbox 414 1645 533 1682; x_wconf 90' lang='lat' dir='ltr'><strong>esse</strong></span> <span class='ocrx_word' id='word_1_147' title='bbox 566 1631 624 1682; x_wconf 89' lang='lat' dir='ltr'><strong>et</strong></span> <span class='ocrx_word' id='word_1_148' title='bbox 658 1629 863 1680; x_wconf 88' lang='lat' dir='ltr'><strong>saevire</strong></span> <span class='ocrx_word' id='word_1_149' title='bbox 897 1627 1075 1680; x_wconf 85' lang='lat' dir='ltr'><strong>ventis</strong></span> <span class='ocrx_word' id='word_1_150' title='bbox 1108 1628 1305 1695; x_wconf 91' lang='lat' dir='ltr'><strong>coepit,</strong></span> <span class='ocrx_word' id='word_1_151' title='bbox 1331 1629 1518 1681; x_wconf 91' lang='lat' dir='ltr'><strong>limum</strong></span> <span class='ocrx_word' id='word_1_152' title='bbox 1545 1645 1877 1697; x_wconf 88' lang='lat' dir='ltr'><strong>arenamque</strong></span> <span class='ocrx_word' id='word_1_153' title='bbox 1901 1635 1962 1684; x_wconf 94' lang='lat' dir='ltr'><strong>et</strong></span> 
     </span>
     <span class='ocr_line' id='line_1_21' title="bbox 255 1703 1961 1772; baseline 0.001 -15"><span class='ocrx_word' id='word_1_154' title='bbox 255 1721 385 1757; x_wconf 87' lang='lat' dir='ltr'><strong>saxa</strong></span> <span class='ocrx_word' id='word_1_155' title='bbox 422 1704 665 1772; x_wconf 87' lang='lat' dir='ltr'><strong>ingentia</strong></span> <span class='ocrx_word' id='word_1_156' title='bbox 705 1703 898 1756; x_wconf 84' lang='lat' dir='ltr'><strong>fluctus</strong></span> <span class='ocrx_word' id='word_1_157' title='bbox 937 1703 1194 1767; x_wconf 77' lang='lat' dir='ltr'><strong>trahunt;</strong></span> <span class='ocrx_word' id='word_1_158' title='bbox 1234 1705 1313 1757; x_wconf 84' lang='lat' dir='ltr'><strong>ita</strong></span> <span class='ocrx_word' id='word_1_159' title='bbox 1352 1705 1518 1757; x_wconf 85' lang='lat' dir='ltr'><strong>facies</strong></span> <span class='ocrx_word' id='word_1_160' title='bbox 1559 1705 1796 1757; x_wconf 92' lang='lat' dir='ltr'><strong>locorum</strong></span> <span class='ocrx_word' id='word_1_161' title='bbox 1836 1723 1961 1759; x_wconf 91' lang='lat' dir='ltr'><strong>cum</strong></span> 
     </span>
     <span class='ocr_line' id='line_1_22' title="bbox 253 1779 1962 1851; baseline 0.001 -16"><span class='ocrx_word' id='word_1_162' title='bbox 253 1780 432 1835; x_wconf 87' lang='lat' dir='ltr'><strong>ventis</strong></span> <span class='ocrx_word' id='word_1_163' title='bbox 456 1780 614 1834; x_wconf 90' lang='lat' dir='ltr'><strong>simul</strong></span> <span class='ocrx_word' id='word_1_164' title='bbox 640 1784 897 1833; x_wconf 87' lang='lat' dir='ltr'><strong>mutatur.</strong></span> <span class='ocrx_word' id='word_1_165' title='bbox 944 1780 1131 1848; x_wconf 82' lang='lat' dir='ltr'><strong>Syrtes</strong></span> <span class='ocrx_word' id='word_1_166' title='bbox 1157 1779 1226 1833; x_wconf 87' lang='lat' dir='ltr'><strong>ab</strong></span> <span class='ocrx_word' id='word_1_167' title='bbox 1252 1785 1432 1834; x_wconf 91' lang='lat' dir='ltr'><strong>tractu</strong></span> <span class='ocrx_word' id='word_1_168' title='bbox 1458 1780 1779 1836; x_wconf 87' lang='lat' dir='ltr'><strong>nominatae.</strong></span> <span class='ocrx_word' id='word_1_169' title='bbox 1826 1783 1962 1851; x_wconf 85' lang='lat' dir='ltr'><strong>Ejus</strong></span> 
     </span>
     <span class='ocr_line' id='line_1_23' title="bbox 256 1856 1958 1929; baseline 0.001 -18"><span class='ocrx_word' id='word_1_170' title='bbox 256 1857 492 1911; x_wconf 85' lang='lat' dir='ltr'><strong>civitatis</strong></span> <span class='ocrx_word' id='word_1_171' title='bbox 534 1857 717 1924; x_wconf 89' lang='lat' dir='ltr'><strong>lingua</strong></span> <span class='ocrx_word' id='word_1_172' title='bbox 757 1857 919 1909; x_wconf 89' lang='lat' dir='ltr'><strong>modo</strong></span> <span class='ocrx_word' id='word_1_173' title='bbox 962 1873 1222 1910; x_wconf 88' lang='lat' dir='ltr'><strong>convorsa</strong></span> <span class='ocrx_word' id='word_1_174' title='bbox 1263 1856 1531 1910; x_wconf 88' lang='lat' dir='ltr'><strong>connubio</strong></span> <span class='ocrx_word' id='word_1_175' title='bbox 1574 1858 1958 1929; x_wconf 83' lang='lat' dir='ltr'><strong>Numidarum,</strong></span> 
     </span>
     <span class='ocr_line' id='line_1_24' title="bbox 254 1933 1964 2002; baseline 0.001 -15"><span class='ocrx_word' id='word_1_176' title='bbox 254 1934 436 2002; x_wconf 88' lang='lat' dir='ltr'><strong>legum</strong></span> <span class='ocrx_word' id='word_1_177' title='bbox 470 1933 755 2001; x_wconf 90' lang='lat' dir='ltr'><strong>cultusque</strong></span> <span class='ocrx_word' id='word_1_178' title='bbox 786 1933 1048 2001; x_wconf 89' lang='lat' dir='ltr'><strong>pleraque</strong></span> <span class='ocrx_word' id='word_1_179' title='bbox 1075 1933 1340 1998; x_wconf 84' lang='lat' dir='ltr'><strong>Sidonica,</strong></span> <span class='ocrx_word' id='word_1_180' title='bbox 1368 1950 1508 2002; x_wconf 91' lang='lat' dir='ltr'><strong>quae</strong></span> <span class='ocrx_word' id='word_1_181' title='bbox 1537 1950 1604 1987; x_wconf 91' lang='lat' dir='ltr'><strong>eo</strong></span> <span class='ocrx_word' id='word_1_182' title='bbox 1637 1934 1845 1988; x_wconf 87' lang='lat' dir='ltr'><strong>facilius</strong></span> <span class='ocrx_word' id='word_1_183' title='bbox 1879 1954 1964 1989; x_wconf 85' lang='lat' dir='ltr'><strong>re-</strong></span> 
     </span>
     <span class='ocr_line' id='line_1_25' title="bbox 255 2008 1960 2079; baseline 0.002 -17"><span class='ocrx_word' id='word_1_184' title='bbox 255 2009 519 2073; x_wconf 86' lang='lat' dir='ltr'><strong>tinebant,</strong></span> <span class='ocrx_word' id='word_1_185' title='bbox 540 2009 688 2078; x_wconf 90' lang='lat' dir='ltr'><strong>quod</strong></span> <span class='ocrx_word' id='word_1_186' title='bbox 712 2009 900 2077; x_wconf 92' lang='lat' dir='ltr'><strong>procul</strong></span> <span class='ocrx_word' id='word_1_187' title='bbox 925 2008 995 2061; x_wconf 89' lang='lat' dir='ltr'><strong>ab</strong></span> <span class='ocrx_word' id='word_1_188' title='bbox 1019 2009 1249 2078; x_wconf 89' lang='lat' dir='ltr'><strong>imperio</strong></span> <span class='ocrx_word' id='word_1_189' title='bbox 1273 2011 1419 2077; x_wconf 90' lang='lat' dir='ltr'><strong>regis</strong></span> <span class='ocrx_word' id='word_1_190' title='bbox 1444 2014 1683 2063; x_wconf 84' lang='lat' dir='ltr'><strong>aetatem</strong></span> <span class='ocrx_word' id='word_1_191' title='bbox 1708 2012 1960 2079; x_wconf 88' lang='lat' dir='ltr'><strong>agebant.</strong></span> 
     </span>
     <span class='ocr_line' id='line_1_26' title="bbox 258 2085 1963 2155; baseline 0.002 -16"><span class='ocrx_word' id='word_1_192' title='bbox 258 2086 414 2139; x_wconf 88' lang='lat' dir='ltr'><strong>Inter</strong></span> <span class='ocrx_word' id='word_1_193' title='bbox 444 2086 564 2138; x_wconf 92' lang='lat' dir='ltr'><strong>illos</strong></span> <span class='ocrx_word' id='word_1_194' title='bbox 589 2091 647 2141; x_wconf 90' lang='lat' dir='ltr'><strong>et</strong></span> <span class='ocrx_word' id='word_1_195' title='bbox 675 2086 1020 2153; x_wconf 87' lang='lat' dir='ltr'><strong>frequentem</strong></span> <span class='ocrx_word' id='word_1_196' title='bbox 1049 2085 1363 2138; x_wconf 84' lang='lat' dir='ltr'><strong>Numidiam</strong></span> <span class='ocrx_word' id='word_1_197' title='bbox 1395 2086 1553 2139; x_wconf 89' lang='lat' dir='ltr'><strong>multi</strong></span> <span class='ocrx_word' id='word_1_198' title='bbox 1580 2088 1829 2155; x_wconf 88' lang='lat' dir='ltr'><strong>vastique</strong></span> <span class='ocrx_word' id='word_1_199' title='bbox 1857 2089 1963 2143; x_wconf 90' lang='lat' dir='ltr'><strong>loci</strong></span> 
     </span>
     <span class='ocr_line' id='line_1_27' title="bbox 255 2164 1917 2215; baseline 0.001 0"><span class='ocrx_word' id='word_1_200' title='bbox 255 2164 425 2215; x_wconf 88' lang='lat' dir='ltr'><strong>erant.</strong></span> <span class='ocrx_word' id='word_1_201' title='bbox 1911 2184 1917 2188; x_wconf 93' lang='lat'><em>·</em></span> 
     </span>
    </p>

    <p class='ocr_par' dir='ltr' id='par_1_4' title="bbox 252 2236 1972 3297">
     <span class='ocr_line' id='line_1_28' title="bbox 360 2236 1962 2308; baseline 0.001 -15"><span class='ocrx_word' id='word_1_202' title='bbox 360 2242 440 2294; x_wconf 90' lang='grc'><strong>79.</strong></span> <span class='ocrx_word' id='word_1_203' title='bbox 513 2237 623 2290; x_wconf 89' lang='lat' dir='ltr'><strong>Sed</strong></span> <span class='ocrx_word' id='word_1_204' title='bbox 649 2237 902 2305; x_wconf 88' lang='lat' dir='ltr'><strong>quoniam</strong></span> <span class='ocrx_word' id='word_1_205' title='bbox 932 2237 987 2289; x_wconf 91' lang='lat' dir='ltr'><strong>in</strong></span> <span class='ocrx_word' id='word_1_206' title='bbox 1015 2236 1116 2290; x_wconf 88' lang='lat' dir='ltr'><strong>has</strong></span> <span class='ocrx_word' id='word_1_207' title='bbox 1141 2238 1392 2305; x_wconf 87' lang='lat' dir='ltr'><strong>regiones</strong></span> <span class='ocrx_word' id='word_1_208' title='bbox 1416 2255 1517 2307; x_wconf 91' lang='lat' dir='ltr'><strong>per</strong></span> <span class='ocrx_word' id='word_1_209' title='bbox 1541 2239 1962 2308; x_wconf 88' lang='lat' dir='ltr'><strong>Leptitanorum</strong></span> 
     </span>
     <span class='ocr_line' id='line_1_29' title="bbox 254 2313 1965 2384; baseline 0.002 -18"><span class='ocrx_word' id='word_1_210' title='bbox 254 2313 476 2381; x_wconf 88' lang='lat' dir='ltr'><strong>negotia</strong></span> <span class='ocrx_word' id='word_1_211' title='bbox 498 2314 760 2378; x_wconf 85' lang='lat' dir='ltr'><strong>venimus,</strong></span> <span class='ocrx_word' id='word_1_212' title='bbox 786 2329 894 2365; x_wconf 89' lang='lat' dir='ltr'><strong>non</strong></span> <span class='ocrx_word' id='word_1_213' title='bbox 922 2313 1209 2381; x_wconf 89' lang='lat' dir='ltr'><strong>indignum</strong></span> <span class='ocrx_word' id='word_1_214' title='bbox 1234 2313 1451 2367; x_wconf 91' lang='lat' dir='ltr'><strong>videtur</strong></span> <span class='ocrx_word' id='word_1_215' title='bbox 1478 2316 1757 2383; x_wconf 77' lang='lat' dir='ltr'><strong>egregium</strong></span> <span class='ocrx_word' id='word_1_216' title='bbox 1793 2321 1965 2384; x_wconf 88' lang='lat' dir='ltr'><strong>atque</strong></span> 
     </span>
     <span class='ocr_line' id='line_1_30' title="bbox 254 2388 1964 2460; baseline 0.003 -19"><span class='ocrx_word' id='word_1_217' title='bbox 254 2389 500 2442; x_wconf 90' lang='lat' dir='ltr'><strong>mirabile</strong></span> <span class='ocrx_word' id='word_1_218' title='bbox 541 2389 749 2442; x_wconf 89' lang='lat' dir='ltr'><strong>facinus</strong></span> <span class='ocrx_word' id='word_1_219' title='bbox 788 2388 1018 2442; x_wconf 88' lang='lat' dir='ltr'><strong>duorum</strong></span> <span class='ocrx_word' id='word_1_220' title='bbox 1061 2390 1588 2458; x_wconf 85' lang='lat' dir='ltr'><strong>Carthaginiensium</strong></span> <span class='ocrx_word' id='word_1_221' title='bbox 1627 2409 1964 2460; x_wconf 82' lang='lat' dir='ltr'><strong>memorare3</strong></span> 
     </span>
     <span class='ocr_line' id='line_1_31' title="bbox 254 2465 1966 2537; baseline 0.003 -19"><span class='ocrx_word' id='word_1_222' title='bbox 254 2482 374 2518; x_wconf 91' lang='lat' dir='ltr'><strong>eam</strong></span> <span class='ocrx_word' id='word_1_223' title='bbox 407 2482 524 2518; x_wconf 88' lang='lat' dir='ltr'><strong>rem</strong></span> <span class='ocrx_word' id='word_1_224' title='bbox 558 2482 656 2518; x_wconf 89' lang='lat' dir='ltr'><strong>nos</strong></span> <span class='ocrx_word' id='word_1_225' title='bbox 688 2465 838 2517; x_wconf 89' lang='lat' dir='ltr'><strong>locus</strong></span> <span class='ocrx_word' id='word_1_226' title='bbox 862 2465 1159 2519; x_wconf 86' lang='lat' dir='ltr'><strong>admonuit.</strong></span> <span class='ocrx_word' id='word_1_227' title='bbox 1236 2467 1354 2530; x_wconf 83' lang='lat' dir='ltr'><strong>Qua</strong></span> <span class='ocrx_word' id='word_1_228' title='bbox 1380 2471 1712 2537; x_wconf 86' lang='lat' dir='ltr'><strong>tempestate</strong></span> <span class='ocrx_word' id='word_1_229' title='bbox 1739 2470 1966 2523; x_wconf 84' lang='lat' dir='ltr'><strong>Cartha-</strong></span> 
     </span>
     <span class='ocr_line' id='line_1_32' title="bbox 252 2540 1967 2615; baseline 0.003 -22"><span class='ocrx_word' id='word_1_230' title='bbox 252 2541 526 2609; x_wconf 88' lang='lat' dir='ltr'><strong>ginienses</strong></span> <span class='ocrx_word' id='word_1_231' title='bbox 550 2540 812 2609; x_wconf 89' lang='lat' dir='ltr'><strong>pleraque</strong></span> <span class='ocrx_word' id='word_1_232' title='bbox 835 2543 1024 2594; x_wconf 87' lang='lat' dir='ltr'><strong>Afriea</strong></span> <span class='ocrx_word' id='word_1_233' title='bbox 1046 2543 1455 2612; x_wconf 87' lang='lat' dir='ltr'><strong>imperitabant,</strong></span> <span class='ocrx_word' id='word_1_234' title='bbox 1472 2545 1812 2613; x_wconf 80' lang='lat' dir='ltr'><strong>Cyrenenses</strong></span> <span class='ocrx_word' id='word_1_235' title='bbox 1836 2564 1967 2615; x_wconf 90' lang='lat' dir='ltr'><strong>quo-</strong></span> 
     </span>
     <span class='ocr_line' id='line_1_33' title="bbox 253 2617 1965 2687; baseline 0.003 -17"><span class='ocrx_word' id='word_1_236' title='bbox 253 2634 360 2686; x_wconf 91' lang='lat' dir='ltr'><strong>que</strong></span> <span class='ocrx_word' id='word_1_237' title='bbox 396 2617 578 2684; x_wconf 90' lang='lat' dir='ltr'><strong>magni</strong></span> <span class='ocrx_word' id='word_1_238' title='bbox 615 2622 782 2685; x_wconf 90' lang='lat' dir='ltr'><strong>atque</strong></span> <span class='ocrx_word' id='word_1_239' title='bbox 817 2619 1059 2684; x_wconf 85' lang='lat' dir='ltr'><strong>opulenti</strong></span> <span class='ocrx_word' id='word_1_240' title='bbox 1096 2620 1265 2672; x_wconf 84' lang='lat' dir='ltr'><strong>fuere.</strong></span> <span class='ocrx_word' id='word_1_241' title='bbox 1339 2623 1496 2687; x_wconf 86' lang='lat' dir='ltr'><strong>Ager</strong></span> <span class='ocrx_word' id='word_1_242' title='bbox 1531 2622 1587 2673; x_wconf 91' lang='lat' dir='ltr'><strong>in</strong></span> <span class='ocrx_word' id='word_1_243' title='bbox 1626 2621 1809 2674; x_wconf 88' lang='lat' dir='ltr'><strong>medio</strong></span> <span class='ocrx_word' id='word_1_244' title='bbox 1845 2639 1965 2675; x_wconf 90' lang='lat' dir='ltr'><strong>are-</strong></span> 
     </span>
     <span class='ocr_line' id='line_1_34' title="bbox 254 2694 1965 2766; baseline 0.003 -20"><span class='ocrx_word' id='word_1_245' title='bbox 254 2710 434 2761; x_wconf 87' lang='lat' dir='ltr'><strong>nosus,</strong></span> <span class='ocrx_word' id='word_1_246' title='bbox 461 2710 570 2746; x_wconf 88' lang='lat' dir='ltr'><strong>una</strong></span> <span class='ocrx_word' id='word_1_247' title='bbox 599 2694 810 2763; x_wconf 83' lang='lat' dir='ltr'><strong>specie3</strong></span> <span class='ocrx_word' id='word_1_248' title='bbox 847 2711 1025 2763; x_wconf 89' lang='lat' dir='ltr'><strong>neque</strong></span> <span class='ocrx_word' id='word_1_249' title='bbox 1055 2695 1271 2761; x_wconf 91' lang='lat' dir='ltr'><strong>flumen,</strong></span> <span class='ocrx_word' id='word_1_250' title='bbox 1307 2713 1485 2763; x_wconf 90' lang='lat' dir='ltr'><strong>neque</strong></span> <span class='ocrx_word' id='word_1_251' title='bbox 1518 2713 1672 2750; x_wconf 86' lang='lat' dir='ltr'><strong>mons</strong></span> <span class='ocrx_word' id='word_1_252' title='bbox 1705 2702 1840 2763; x_wconf 83' lang='lat' dir='ltr'><strong>erat,</strong></span> <span class='ocrx_word' id='word_1_253' title='bbox 1870 2699 1965 2766; x_wconf 90' lang='lat' dir='ltr'><strong>qui</strong></span> 
     </span>
     <span class='ocr_line' id='line_1_35' title="bbox 253 2770 1968 2840; baseline 0.003 -18"><span class='ocrx_word' id='word_1_254' title='bbox 253 2770 378 2823; x_wconf 89' lang='lat' dir='ltr'><strong>finis</strong></span> <span class='ocrx_word' id='word_1_255' title='bbox 406 2787 594 2823; x_wconf 87' lang='lat' dir='ltr'><strong>eorum</strong></span> <span class='ocrx_word' id='word_1_256' title='bbox 628 2770 993 2834; x_wconf 84' lang='lat' dir='ltr'><strong>discerneret3</strong></span> <span class='ocrx_word' id='word_1_257' title='bbox 1030 2788 1171 2838; x_wconf 88' lang='lat' dir='ltr'><strong>quae</strong></span> <span class='ocrx_word' id='word_1_258' title='bbox 1206 2789 1293 2824; x_wconf 89' lang='lat' dir='ltr'><strong>res</strong></span> <span class='ocrx_word' id='word_1_259' title='bbox 1322 2789 1415 2824; x_wconf 91' lang='lat' dir='ltr'><strong>eos</strong></span> <span class='ocrx_word' id='word_1_260' title='bbox 1444 2773 1500 2824; x_wconf 91' lang='lat' dir='ltr'><strong>in</strong></span> <span class='ocrx_word' id='word_1_261' title='bbox 1535 2789 1730 2840; x_wconf 88' lang='lat' dir='ltr'><strong>magno</strong></span> <span class='ocrx_word' id='word_1_262' title='bbox 1757 2774 1968 2827; x_wconf 89' lang='lat' dir='ltr'><strong>diutur-</strong></span> 
     </span>
     <span class='ocr_line' id='line_1_36' title="bbox 253 2847 1966 2918; baseline 0.003 -19"><span class='ocrx_word' id='word_1_263' title='bbox 253 2863 434 2916; x_wconf 90' lang='lat' dir='ltr'><strong>noque</strong></span> <span class='ocrx_word' id='word_1_264' title='bbox 472 2847 616 2901; x_wconf 92' lang='lat' dir='ltr'><strong>bello</strong></span> <span class='ocrx_word' id='word_1_265' title='bbox 656 2847 803 2901; x_wconf 89' lang='lat' dir='ltr'><strong>inter</strong></span> <span class='ocrx_word' id='word_1_266' title='bbox 839 2864 899 2901; x_wconf 91' lang='lat' dir='ltr'><strong>se</strong></span> <span class='ocrx_word' id='word_1_267' title='bbox 941 2847 1149 2900; x_wconf 89' lang='lat' dir='ltr'><strong>habuit.</strong></span> <span class='ocrx_word' id='word_1_268' title='bbox 1227 2849 1522 2915; x_wconf 89' lang='lat' dir='ltr'><strong>Postquam</strong></span> <span class='ocrx_word' id='word_1_269' title='bbox 1569 2851 1847 2918; x_wconf 89' lang='lat' dir='ltr'><strong>utrimque</strong></span> <span class='ocrx_word' id='word_1_270' title='bbox 1892 2851 1966 2904; x_wconf 90' lang='lat' dir='ltr'><strong>le-</strong></span> 
     </span>
     <span class='ocr_line' id='line_1_37' title="bbox 253 2922 1967 2994; baseline 0.004 -20"><span class='ocrx_word' id='word_1_271' title='bbox 253 2922 457 2990; x_wconf 89' lang='lat' dir='ltr'><strong>giones,</strong></span> <span class='ocrx_word' id='word_1_272' title='bbox 496 2924 630 2977; x_wconf 90' lang='lat' dir='ltr'><strong>item</strong></span> <span class='ocrx_word' id='word_1_273' title='bbox 674 2924 873 2977; x_wconf 89' lang='lat' dir='ltr'><strong>classes</strong></span> <span class='ocrx_word' id='word_1_274' title='bbox 917 2940 1079 2991; x_wconf 88' lang='lat' dir='ltr'><strong>saepe</strong></span> <span class='ocrx_word' id='word_1_275' title='bbox 1119 2924 1273 2977; x_wconf 86' lang='lat' dir='ltr'><strong>fusae</strong></span> <span class='ocrx_word' id='word_1_276' title='bbox 1314 2926 1660 2994; x_wconf 87' lang='lat' dir='ltr'><strong>fugataeque,</strong></span> <span class='ocrx_word' id='word_1_277' title='bbox 1706 2930 1763 2979; x_wconf 89' lang='lat' dir='ltr'><strong>et</strong></span> <span class='ocrx_word' id='word_1_278' title='bbox 1804 2927 1967 2981; x_wconf 86' lang='lat' dir='ltr'><strong>alteri</strong></span> 
     </span>
     <span class='ocr_line' id='line_1_38' title="bbox 254 2998 1972 3067; baseline 0.003 -17"><span class='ocrx_word' id='word_1_279' title='bbox 254 2998 459 3051; x_wconf 88' lang='lat' dir='ltr'><strong>alteros</strong></span> <span class='ocrx_word' id='word_1_280' title='bbox 488 2999 827 3067; x_wconf 89' lang='lat' dir='ltr'><strong>aliquantum</strong></span> <span class='ocrx_word' id='word_1_281' title='bbox 860 3001 1204 3064; x_wconf 80' lang='lat' dir='ltr'><strong>attriverant,</strong></span> <span class='ocrx_word' id='word_1_282' title='bbox 1231 3001 1389 3053; x_wconf 88' lang='lat' dir='ltr'><strong>veriti</strong></span> <span class='ocrx_word' id='word_1_283' title='bbox 1420 3018 1490 3054; x_wconf 91' lang='lat' dir='ltr'><strong>ne</strong></span> <span class='ocrx_word' id='word_1_284' title='bbox 1513 3019 1638 3055; x_wconf 86' lang='lat' dir='ltr'><strong>mox</strong></span> <span class='ocrx_word' id='word_1_285' title='bbox 1666 3003 1840 3056; x_wconf 89' lang='lat' dir='ltr'><strong>victos</strong></span> <span class='ocrx_word' id='word_1_286' title='bbox 1865 3004 1972 3056; x_wconf 82' lang='lat' dir='ltr'><strong>vic-</strong></span> 
     </span>
     <span class='ocr_line' id='line_1_39' title="bbox 254 3074 1969 3146; baseline 0.005 -21"><span class='ocrx_word' id='word_1_287' title='bbox 254 3076 513 3141; x_wconf 90' lang='lat' dir='ltr'><strong>toresque</strong></span> <span class='ocrx_word' id='word_1_288' title='bbox 538 3074 780 3127; x_wconf 89' lang='lat' dir='ltr'><strong>defessos</strong></span> <span class='ocrx_word' id='word_1_289' title='bbox 806 3075 944 3127; x_wconf 90' lang='lat' dir='ltr'><strong>alius</strong></span> <span class='ocrx_word' id='word_1_290' title='bbox 969 3077 1381 3143; x_wconf 87' lang='lat' dir='ltr'><strong>aggrederetur,</strong></span> <span class='ocrx_word' id='word_1_291' title='bbox 1408 3094 1508 3145; x_wconf 91' lang='lat' dir='ltr'><strong>per</strong></span> <span class='ocrx_word' id='word_1_292' title='bbox 1536 3078 1782 3131; x_wconf 88' lang='lat' dir='ltr'><strong>inducias</strong></span> <span class='ocrx_word' id='word_1_293' title='bbox 1808 3095 1969 3146; x_wconf 85' lang='lat' dir='ltr'><strong>spon-</strong></span> 
     </span>
     <span class='ocr_line' id='line_1_40' title="bbox 256 3148 1970 3222; baseline 0.005 -23"><span class='ocrx_word' id='word_1_294' title='bbox 256 3148 462 3201; x_wconf 90' lang='lat' dir='ltr'><strong>sionem</strong></span> <span class='ocrx_word' id='word_1_295' title='bbox 494 3149 699 3203; x_wconf 90' lang='lat' dir='ltr'><strong>faciunt</strong></span> <span class='ocrx_word' id='word_1_296' title='bbox 734 3151 817 3204; x_wconf 94' lang='lat' dir='ltr'><strong>uti</strong></span> <span class='ocrx_word' id='word_1_297' title='bbox 851 3155 1004 3204; x_wconf 92' lang='lat' dir='ltr'><strong>certo</strong></span> <span class='ocrx_word' id='word_1_298' title='bbox 1042 3153 1133 3205; x_wconf 91' lang='lat' dir='ltr'><strong>die</strong></span> <span class='ocrx_word' id='word_1_299' title='bbox 1167 3153 1333 3220; x_wconf 89' lang='lat' dir='ltr'><strong>legati</strong></span> <span class='ocrx_word' id='word_1_300' title='bbox 1367 3153 1529 3206; x_wconf 90' lang='lat' dir='ltr'><strong>domo</strong></span> <span class='ocrx_word' id='word_1_301' title='bbox 1562 3156 1970 3222; x_wconf 86' lang='lat' dir='ltr'><strong>proficisceren-</strong></span> 
     </span>
     <span class='ocr_line' id='line_1_41' title="bbox 256 3224 1971 3297; baseline 0.006 -22"><span class='ocrx_word' id='word_1_302' title='bbox 256 3226 385 3288; x_wconf 90' lang='lat' dir='ltr'><strong>tur;</strong></span> <span class='ocrx_word' id='word_1_303' title='bbox 432 3240 540 3290; x_wconf 89' lang='lat' dir='ltr'><strong>quo</strong></span> <span class='ocrx_word' id='word_1_304' title='bbox 576 3225 632 3276; x_wconf 90' lang='lat' dir='ltr'><strong>in</strong></span> <span class='ocrx_word' id='word_1_305' title='bbox 671 3224 789 3278; x_wconf 88' lang='lat' dir='ltr'><strong>loco</strong></span> <span class='ocrx_word' id='word_1_306' title='bbox 827 3227 971 3278; x_wconf 90' lang='lat' dir='ltr'><strong>inter</strong></span> <span class='ocrx_word' id='word_1_307' title='bbox 1010 3244 1068 3279; x_wconf 91' lang='lat' dir='ltr'><strong>se</strong></span> <span class='ocrx_word' id='word_1_308' title='bbox 1112 3228 1257 3281; x_wconf 85' lang='lat' dir='ltr'><strong>obvii</strong></span> <span class='ocrx_word' id='word_1_309' title='bbox 1295 3228 1541 3297; x_wconf 88' lang='lat' dir='ltr'><strong>fuissent,</strong></span> <span class='ocrx_word' id='word_1_310' title='bbox 1581 3230 1627 3283; x_wconf 89' lang='lat' dir='ltr'><strong>is</strong></span> <span class='ocrx_word' id='word_1_311' title='bbox 1668 3232 1971 3286; x_wconf 85' lang='lat' dir='ltr'><strong>communis</strong></span> 
     </span>
    </p>
   </div>
  </div>
 </body>
</html>
