2269 3561
983 174 1353 224 CATILINA.
1962 184 2021 229 33

315 254 502 307 cordia
538 255 715 309 clarus
756 256 960 311 factus:
1021 257 1148 310 huic
1192 259 1454 312 severitas
1503 260 1828 327 dignitatem
1861 261 2021 314 ‘addi-

316 332 488 385 derat.
513 320 787 409 ,ffiaesar
830 334 1027 403 dandO,
1070 335 1423 402 sublevata-alo,
1463 337 1821 404 ignoscendo:
1884 338 2020 391 Cato

314 409 450 461 nihil
483 409 771 476 largiundo
802 410 1030 478 gloriam
1069 412 1305 480 adeptus
1339 419 1437 466 est.
1513 415 1579 466 In
1609 414 1783 468 altero
1807 416 2021 469 miseris

314 486 626 554 perfugium
651 490 785 552 erat,
807 488 859 538 in
886 488 1060 541 altero
1085 489 1244 540 malis
1268 491 1566 558 pernicies;
1602 492 1746 544 illius
1770 492 2019 552 facilitas,

314 563 477 631 hujus
515 563 821 615 constantia
858 564 1197 618 laudabatur.
1276 568 1558 619 Postremo
1594 567 1793 620 Caesar
1828 568 1883 620 in
1908 569 2020 621 ani-

314 657 460 693 mum
501 639 794 692 induxerat
833 641 1096 707 laborare,
1142 643 1367 710 vigilare
1386 665 1397 706 ;
1416 689 1424 700 ,
1445 645 1679 711 negotiis
1723 645 2017 698 amicorum

313 718 557 770 intentus
597 734 695 768 sua
728 718 1028 784 neglegere,
1061 719 1195 770 nihil
1227 719 1498 787 denegare
1536 719 1686 787 quod
1725 720 1867 772 dono
1901 720 2017 788 dig-

312 810 442 846 num
476 799 654 857 esset3
693 793 792 845 sibi
827 810 1083 861 magnum
1117 796 1422 863 imperium,
1463 797 1779 861 exercitum,
1816 798 2032 849 novfiffi'

311 870 516 923 bellum
563 871 877 937 exoptabat,
927 871 1021 923 ubi
1069 872 1246 923 virtus
1293 873 1594 925 enitescere
1638 878 1840 939 posset.
1934 875 2018 925 At

315 947 509 1000 Catoni
544 947 783 999 studium
812 948 1130 1015 modestiae,
1162 948 1386 1016 decoris,
1412 942 1518 1001 sed'3
1540 965 1794 1001 maxume
1820 949 2014 1001 severi-

313 1024 446 1076 tatis
471 1027 605 1076 erat.
694 1024 742 1075 N
748 1041 816 1075 on
842 1024 1048 1077 divitiis
1073 1041 1195 1077 cum
1223 1025 1410 1091 divite,
1434 1042 1612 1092 neque
1635 1025 1869 1077 factione
1894 1041 2014 1077 cum

313 1100 555 1166 factiosO,
582 1100 681 1152 sed
706 1116 827 1152 cum
865 1105 1088 1154 strenuo
1113 1099 1334 1168 virtute,
1365 1117 1487 1153 cum
1518 1101 1766 1154 modesto
1790 1101 2017 1169 pudore,

313 1192 436 1228 cum
476 1177 762 1229 innocente
805 1177 1140 1229 abstinentia
1179 1175 1456 1240 certabat3
1493 1192 1612 1229 esse
1646 1193 1808 1243 quam
1845 1177 2018 1229 videri

316 1254 491 1306 bonus
516 1252 758 1305 malebat
781 1275 792 1317 ;
827 1254 904 1306 ita
927 1270 1034 1321 quo
1059 1253 1238 1305 minus
1263 1251 1489 1320 petebat
1512 1252 1757 1319 gloriam,
1778 1268 1842 1304 eo
1866 1248 2018 1305 illum

312 1330 486 1396 magis
513 1328 899 1396 sequebantur.
2015 1356 2016 1359 ¹

417 1413 498 1459 55.
574 1405 888 1474 Postquam,
929 1409 993 1458 ut
1032 1405 1160 1469 dixi,
1199 1409 1422 1458 senatus
1451 1406 1506 1458 in
1541 1405 1765 1458 Catonis
1802 1408 2016 1458 senten-

311 1485 445 1536 tiam
472 1482 734 1545 discessit,
764 1482 948 1535 consul
984 1485 1267 1549 optumum
1288 1482 1437 1534 factu
1467 1491 1620 1534 ratus
1643 1485 1859 1534 noctem
1876 1498 2017 1548 quae

309 1559 551 1612 instabat
575 1563 912 1626 antecapere,
938 1575 1006 1610 ne
1032 1558 1165 1624 quid
1190 1575 1254 1610 eo
1280 1558 1458 1626 spatio
1487 1562 1793 1622 novaretur,
1827 1557 2015 1610 trium-

309 1636 452 1688 viros
491 1651 632 1702 quae
675 1635 998 1702 supplicium
1042 1633 1357 1701 postulabat
1403 1651 1598 1702 parare
1638 1633 1837 1700 jubet3
1894 1634 2014 1702 ipse

308 1711 597 1779 praesidiis
644 1710 920 1779 dispositis
977 1710 1266 1762 Lentulum
1314 1711 1367 1762 in
1429 1726 1703 1763 carcerem
1753 1709 2013 1772 deducit3

308 1789 456 1841 idem
498 1788 563 1840 fit
601 1788 800 1841 ceteris
841 1804 942 1854 per
978 1790 1275 1855 praetores
1351 1788 1451 1840 Est
1487 1787 1543 1838 in
1586 1804 1803 1840 carcere
1846 1787 2011 1846 locuS,

311 1865 460 1931 quod
484 1865 788 1917 Tullianum
815 1863 1134 1932 appellatur,
1166 1862 1261 1915 ubi
1293 1863 1572 1932 paululum
1605 1863 1915 1916 ascenderis
1941 1864 2011 1915 ad

312 1942 536 2008 laevam,
561 1940 777 1993 circiter
807 1939 1094 1992 duodecim
1123 1939 1297 2007 pedes
1319 1940 1469 1992 humi
1496 1941 1800 2007 depressus.
1874 1940 2010 1991 Eum

311 2018 563 2069 muniunt
599 2015 840 2082 undique
882 2016 1118 2081 parietes
1162 2020 1328 2081 atque
1369 2017 1590 2083 insuper
1628 2032 1845 2080 camera
1881 2016 2011 2083 lapi-

289 2092 750 2160 ·deisrfornicibus
776 2092 966 2150 vincta,
993 2091 1091 2143 sed
1122 2092 1340 2156 inculta,
1368 2093 1624 2158 tenebris,
1658 2092 1827 2145 odore
1851 2093 2012 2145 foeda

308 2171 477 2237 atque
502 2167 761 2223 terribilis
787 2169 905 2235 ejus
928 2168 1089 2220 fac-ies
1109 2171 1208 2221 est.
1282 2169 1346 2220 In
1373 2186 1495 2221 eum
1523 2169 1697 2221 locum
1722 2173 2007 2237 postquam

309 2247 579 2299 demissus
613 2249 697 2297 est
733 2242 1013 2309 LentuluS,
1038 2244 1279 2296 vindices
1312 2262 1495 2297 rorum
1531 2244 1859 2312 capitalium,
1895 2248 2009 2313 qui-

308 2322 410 2375 bus
448 2323 803 2391 praeceptum
849 2325 983 2387 erat,
1022 2319 1216 2386 laqueo
1255 2321 1439 2388 gulam
1478 2321 1708 2388 fregere.
1785 2322 1877 2374 Ita
1920 2322 2011 2374 ille

306 2398 572 2467 patricius
591 2413 658 2449 ex
678 2396 995 2449 clarissuma
1018 2399 1184 2463 gente
1202 2396 1591 2460 Corneliorum,
1612 2397 1703 2465 qui
1731 2397 2010 2450 consulare

307 2474 595 2542 imperium
634 2473 840 2525 Romae
879 2471 1161 2538 habuerat,
1203 2472 1428 2539 dignum
1468 2474 1709 2526 moribus
1741 2474 2008 2541 factisque

306 2553 415 2603 suis
455 2551 685 2604 exitium
725 2550 870 2602 vitae
913 2549 1138 2602 invenit.
1212 2550 1294 2602 De
1338 2550 1595 2617 Cethego,
1630 2551 1859 2615 Statilio,
1904 2551 1986 2602 Ga
2033 2569 2044 2586 π

305 2627 467 2693 binio,
498 2627 760 2694 Caepario
785 2625 979 2678 eodem
1005 2625 1167 2678 modo
1193 2626 1516 2695 supplicium
1543 2630 1820 2694 sumptum
1845 2623 2010 2702 eslss'
2041 2623 2044 2630 ⁴
2065 2631 2096 2674 ς

411 2710 491 2757 56.
580 2703 725 2754 Dum
771 2718 837 2754 ea
882 2701 1088 2754 Romae
1136 2706 1416 2770 geruntur,
1471 2702 1701 2754 Catilina
1750 2718 1815 2754 ex
1862 2702 2004 2754 omni
2065 2765 2072 2774 ·

306 2781 471 2848 copia,
516 2795 680 2847 quam
725 2782 782 2832 et
823 2779 941 2845 ipse
988 2778 1300 2831 adduxerat
1343 2783 1399 2831 et
1445 2780 1514 2831 Mt
1538 2778 1680 2831 nlius
1722 2778 2004 2839 habuerat,
2040 2781 2060 2798 ³

306 2857 442 2909 duas
482 2856 719 2923 legiones
766 2855 1020 2919 instituit,
1071 2855 1307 2907 cohortis
1357 2872 1456 2922 pro
1499 2870 1723 2906 numero
1772 2853 2005 2905 militum

305 2932 571 3000 complet3
607 2931 820 2996 deinde,
855 2932 935 2983 uti
973 2931 1204 2999 quisque
1230 2932 1568 2983 voluntarius
1607 2934 1701 2982 aut
1741 2947 1809 2982 ex
1849 2930 2006 2983 sociis

303 3009 359 3062 in
384 3011 565 3061 castra
582 3011 824 3073 venerat,
849 3007 1149 3074 aequaliter
1174 3007 1545 3067 distribuerat,
1564 3023 1627 3059 ac
1651 3005 1805 3058 brevi
1831 3006 2005 3075 spatio

303 3084 546 3151 legiones
581 3099 806 3135 nurnero
839 3082 1113 3135 hominum
1156 3085 1487 3152 expleverat,
1517 3099 1684 3150 quum
1717 3081 1874 3135 initio
1899 3099 2006 3134 non

304 3159 538 3228 amplius
572 3159 787 3212 duobus
819 3158 1035 3211 milibus
1065 3159 1355 3213 habuisset.
1430 3159 1539 3212 Sed
1573 3175 1641 3211 ex
1675 3158 1819 3210 omni
1854 3158 2006 3223 copia

304 3236 524 3290 circiter
560 3252 688 3303 pars
728 3238 926 3303 quarta
964 3239 1082 3289 erat
1122 3236 1458 3308 militaribus
1492 3235 1657 3286 armis
1706 3234 2005 3293 instructa3
