2269 3561
951 202 1251 252 CATILIN
1254 203 1319 251 A.
1923 205 1951 250 3
1960 205 1985 250 Τ

276 283 463 353 paucis
481 283 732 338 relictum
746 284 898 338 videt
912 283 1163 348 Catilina,
1179 299 1389 336 memor
1412 282 1629 351 generis
1656 284 1825 351 atque
1849 283 1986 350 pris-

277 360 426 413 tinae
466 376 594 412 suae
637 360 921 428 dignitatis
950 360 1006 412 in
1044 359 1488 413 confertissumos
1526 359 1701 412 hostis
1739 358 1986 425 incurrit,

276 436 464 505 ibique
488 453 736 506 pugnans
761 436 1083 490 confoditur.

381 519 464 568 61.
506 513 643 566 -Sed
668 513 914 566 confecto
945 512 1169 582 proeli0‚
1195 517 1466 567 tum-vero
1502 528 1754 571 cerneres
1782 516 1987 580 quanta

277 588 508 643 audacia
528 593 843 658 quantaque
862 590 941 642 vis
961 590 1124 642 animi
1149 589 1343 642 fuisset
1360 590 1417 642 in
1437 588 1684 642 exercitu
1700 587 1982 642 Catilinae.

277 665 421 725 Nam
445 665 579 734 fere,
604 682 770 735 quem
796 666 1022 733 quisque
1050 666 1205 719 vivus
1230 665 1521 733 pugnando
1545 665 1720 718 locum
1742 668 1983 735 ceperat,

277 758 403 800 eum
431 742 633 795 amissa
656 742 836 795 anima
861 758 1084 810 corpore
1117 742 1359 809 tegebat.
1435 741 1602 794 Pauci
1626 745 1826 809 autem,
1849 759 1986 811 quos

276 817 489 871 medios
522 818 716 872 cohors
747 819 1022 886 praetoria
1055 818 1367 885 disjecerat,
1392 817 1554 886 paulo
1578 818 1861 886 divorsius,
1885 817 1985 872 sed

278 910 467 948 omnes
490 898 673 949 tamen
700 894 947 948 advorsis
974 893 1284 948 volneribus
1314 893 1675 948 conciderant.
1750 895 1985 948 Catilina

278 986 412 1024 vero
444 970 608 1038 longe
640 988 673 1024 a
705 972 817 1025 suis
853 971 1000 1025 inter
1036 971 1274 1024 hostium
1310 969 1577 1023 cadavera
1611 975 1860 1039 repertus
1898 977 1985 1025 est

277 1047 558 1116 paululum
584 1048 751 1100 etiam
786 1047 999 1115 spirans
1031 1046 1401 1114 ferociamque
1433 1046 1598 1099 animi
1633 1064 1794 1116 quam
1819 1048 1987 1101 habu-

279 1126 402 1176 erat
425 1123 575 1176 vivus
612 1124 668 1176 in
701 1123 853 1177 voltu
885 1123 1143 1177 retinens,
1218 1122 1503 1175 Postremo
1544 1139 1612 1176 ex
1651 1123 1797 1176 omni
1829 1125 1984 1192 copia

278 1216 459 1268 neque
476 1199 531 1252 in
555 1199 763 1267 proelio
792 1216 972 1267 neque
1004 1199 1058 1251 in
1084 1199 1216 1265 fuga
1241 1199 1528 1267 quisquam
1553 1199 1685 1252 civis
1716 1199 1985 1268 ingenuus

278 1280 472 1346 captus
510 1280 608 1330 est.
698 1276 790 1328 Ita
835 1276 1016 1329 cuncti
1068 1292 1198 1328 suae
1245 1274 1596 1344 hostiumque
1637 1277 1782 1330 vitae
1820 1276 1985 1345 juxta

280 1357 655 1421 pepercerant.
730 1351 923 1420 Neque
962 1355 1147 1405 tamen
1197 1352 1470 1405 exercitus
1517 1352 1703 1421 populi
1753 1353 1982 1407 Romani

277 1428 480 1482 laetam
529 1432 625 1482 aut
675 1428 1016 1481 incruentam
1060 1428 1342 1481 victoriam
1379 1427 1612 1496 adeptus
1655 1432 1805 1492 erat;
1857 1447 1983 1484 nam

283 1506 709 1560 strenuissumus
734 1505 966 1572 quisque
998 1506 1097 1557 aut
1125 1504 1403 1557 occiderat
1425 1503 1481 1556 in
1506 1505 1722 1572 proelio,
1747 1509 1842 1559 aut
1864 1523 1984 1573 gra-

275 1583 424 1636 viter
447 1581 758 1636 volneratus
793 1579 1133 1634 discesserat.
1207 1579 1373 1633 Multi
1405 1584 1603 1649 autem,
1638 1583 1730 1650 qui
1765 1582 1837 1636 de
1868 1599 1983 1637 cas-

279 1659 381 1712 tris
404 1657 620 1711 visundi
654 1660 749 1710 aut
781 1656 1047 1724 spoliandi
1079 1656 1260 1724 gratia
1288 1662 1679 1725 processerant,
1704 1658 1983 1713 volventes

278 1733 499 1789 hostilia
538 1733 815 1798 cadavera,
849 1733 1083 1787 amicum
1121 1732 1226 1798 alii,
1263 1749 1393 1803 pars
1430 1733 1698 1803 hospitem
1735 1738 1830 1789 aut
1863 1753 1982 1804 cog-

280 1816 469 1865 natum
504 1809 880 1880 reperiebant3
918 1810 1072 1863 fuere
1110 1809 1245 1862 item
1285 1810 1377 1878 qui
1417 1810 1661 1864 inimicos
1702 1828 1826 1865 suos
1852 1829 1983 1880 ⁸cog-

282 1891 584 1940 noscerent.
657 1886 749 1939 Ita
797 1885 943 1937 varie
993 1901 1093 1954 per
1139 1902 1354 1939 omnem
1401 1888 1706 1942 exercitum
1753 1887 1983 1954 laetitia,

284 1978 515 2029 moeror,
539 1962 719 2016 luctus
741 1965 911 2031 atque
933 1961 1134 2089 gaudi}
1157 1962 1521 2029 agitabantur.
1551 2007 1555 2012 .
