2269 3561
968 212 1008 261 J
1011 212 1389 261 UGURTHA.
1970 217 2025 266 71

324 296 494 363 atque
517 290 842 345 miserabilis
858 312 871 357 ;
909 291 1143 360 dispersi
1169 309 1202 345 a
1228 294 1338 347 suis
1370 311 1501 363 pars
1533 291 1747 358 cedere,
1773 294 1862 348 alii
1894 296 2031 348 inse„

323 371 433 437 qui,
462 385 636 437 neque
664 369 818 436 signa
845 385 1024 437 neque
1054 369 1274 422 ordines
1300 370 1607 437 observare,
1635 371 1726 423 ubi
1757 388 2030 439 quemque

322 445 624 513 periculum
669 448 907 512 ceperat,
943 444 1019 498 ibi
1068 446 1325 499 resistere
1375 464 1438 499 ac
1489 448 1823 514 propulsare,
1861 464 2028 513 arma,

319 522 447 587 tela,
475 522 616 589 equi,
644 521 761 588 viri,
794 521 981 575 hostes
1018 526 1186 590 atque
1222 524 1365 576 cives
1404 523 1699 591 permixti3
1734 524 2030 577 nihil—con-

321 599 442 651 silio
486 615 667 666 neque
711 598 939 666 imperio
990 599 1107 666 agi3
1154 600 1265 652 fors
1317 601 1496 653 omnia
1548 617 1756 668 regere.
1830 602 2030 669 ltaque

318 672 553 728 multum
600 675 708 727 diei
753 678 1110 743 processerat,
1149 693 1317 744 quum
1365 678 1654 731 etiamtum
1704 682 1930 731 eventus
1973 678 2029 729 in

317 751 530 805 incerto
556 754 689 804 erat.
730 751 978 819 Denique
1004 753 1256 805 omnibus
1279 754 1466 807 labore
1492 757 1551 808 et
1576 759 1733 808 aestu
1757 754 2029 821 languidis

321 826 581 880 Metellus
629 827 726 880 ubi
774 828 927 881 videt
975 830 1246 883 Numidas
1282 832 1460 884 minus
1504 832 1724 897 instare,
1761 830 2027 901 paulatim

320 903 522 956 milites
557 903 613 956 in
649 922 814 957 unum
847 906 1116 973 conducit,
1156 907 1374 961 ordines
1409 909 1658 961 restituit
1694 911 1752 961 et
1788 906 2028 960 cohortis

321 980 644 1047 legionarias
669 985 932 1049 quattuor
956 982 1248 1035 advorsum
1274 984 1491 1052 pedites
1514 983 1754 1037 hostium
1774 983 2026 1037 collocat:

321 1072 508 1109 eorum
533 1074 728 1125 magna
763 1076 891 1126 pars
929 1060 1301 1127 superioribus
1337 1060 1471 1113 locis
1506 1061 1649 1113 fessa
1685 1060 2024 1113 consederat.

322 1132 496 1186 Simul
516 1150 685 1201 orare,
703 1135 912 1188 hortari
933 1136 1133 1189 milites
1154 1153 1222 1189 ne
1242 1137 1560 1204 deficerent,
1580 1154 1685 1189 neu
1705 1141 2028 1206 paterentur

319 1208 493 1262 hostis
528 1210 788 1277 fugientis
824 1211 1073 1275 vincere3
1111 1228 1294 1279 neque
1332 1213 1439 1265 illis
1476 1216 1657 1265 castra
1694 1229 1813 1265 esse
1849 1229 2027 1280 neque

317 1286 714 1339 munimentum
749 1286 921 1340 ullum
958 1305 1066 1356 quo
1102 1288 1365 1342 cedentes
1401 1289 1729 1352 tenderent;
1766 1291 1821 1340 in
1861 1288 2027 1341 armis

317 1362 499 1415 omnia
535 1364 652 1416 sita.
724 1363 836 1417 Sed
873 1381 970 1418 nec
1001 1365 1281 1432 Jugurtha
1312 1366 1545 1433 quidem·
1566 1367 1778 1418 interea
1807 1365 2026 1433 quietus

316 1441 468 1502 erat;
502 1440 801 1504 circumire,
825 1439 1051 1505 hortari,
1084 1458 1348 1495 renovare
1380 1441 1646 1511 proelium
1679 1441 1877 1510 etipse
1902 1458 2023 1513 cum

316 1515 549 1568 delectis
584 1519 859 1584 temptare
896 1518 1090 1584 omnia,
1128 1517 1420 1571 subvenire
1457 1519 1583 1584 suiS,
1621 1517 1873 1571 hostibus
1922 1518 2022 1570 du-

313 1590 422 1644 biis
459 1592 681 1658 instare,
719 1610 853 1659 quos
890 1594 1075 1646 firmos
1112 1598 1443 1661 cognoverat
1480 1596 1688 1648 eminus
1733 1594 2024 1663 pugnando

313 1669 572 1723 retinere,

421 1751 502 1799 52.
579 1745 661 1799 Eo
684 1747 847 1800 modo
875 1747 1021 1801 inter
1055 1764 1113 1800 se
1142 1747 1249 1800 duo
1284 1745 1656 1817 imperatoreS,
1684 1746 1880 1800 summi
1907 1746 2024 1814 viri,

314 1823 619 1889 certabant,
651 1823 757 1892 ipsi
783 1841 956 1893 pareS,
992 1827 1235 1877 ceterum
1263 1825 1456 1893 opibus
1483 1825 1806 1893 disparibus.
1879 1825 2020 1877 Nam

317 1898 546 1952 Metello
577 1900 750 1952 virtus
788 1900 1024 1954 militum
1056 1905 1190 1967 erat,
1218 1901 1367 1954 locus
1397 1901 1677 1967 advorsus,
1711 1900 1747 1952 J
1753 1900 2024 1967 ugurthae

314 1976 422 2027 alia
446 1976 626 2028 omnia
650 1981 872 2044 praeter
896 1976 1098 2030 milites
1123 1982 1443 2045 opportuna.
1510 1977 1758 2046 Denique
1778 1977 2021 2040 Romani,

315 2051 409 2103 ubi
453 2052 783 2121 intellegunt
834 2071 1012 2122 neque
1050 2053 1153 2105 sibi
1204 2054 1516 2122 perfugium
1553 2070 1688 2121 esse,
1732 2070 1909 2120 neque
1952 2053 2021 2105 ab

314 2128 474 2182 hoste
498 2130 707 2198 copiam
733 2130 1012 2198 pugnandi
1036 2131 1171 2195 fieri,
1197 2141 1255 2183 et
1282 2130 1307 2197 j
1331 2148 1401 2182 um
1432 2130 1522 2183 die
1545 2146 1742 2197 vesper
1766 2134 1901 2197 erat,
1927 2129 2022 2182 ad-

314 2221 474 2259 vorso
511 2206 647 2260 colle
680 2206 840 2260 sicuti
875 2212 1229 2275 praeceptum
1263 2207 1445 2259 fuerat
1473 2206 1724 2260 evadunt.
1802 2204 2020 2259 Amisso

313 2280 432 2334 loco
459 2282 731 2336 Numidae
756 2283 860 2335 fusi
894 2284 1206 2350 fugatique3
1243 2283 1401 2350 pauci
1433 2283 1704 2349 interiere,
1730 2282 2021 2351 plerosque

314 2357 573 2410 velocitas
598 2363 655 2412 et
679 2360 830 2427 regio
855 2359 1103 2411 hostibus
1137 2359 1326 2426 ignara
1363 2362 1545 2411 tutata
1578 2362 1719 2412 sunt.
1797 2359 2020 2413 Interea

315 2433 603 2500 Bomilcar,
620 2452 783 2502 quem
804 2435 1109 2502 elephantis
1134 2440 1193 2488 et
1217 2436 1362 2503 parti
1383 2436 1656 2503 copiarum
1683 2435 2021 2502 pedestrium

313 2510 654 2577 praefectum
679 2511 749 2563 ab
787 2513 824 2563 J
829 2513 1065 2583 ugurtha
1101 2529 1267 2580 supra
1300 2511 1554 2579 diximus,
1578 2512 1671 2564 ubi
1710 2529 1831 2564 eum
1864 2512 2020 2564 Ruti-

312 2587 419 2639 lius
442 2589 884 2654 praetergressus
910 2593 1009 2654 est,
1037 2589 1301 2657 paulatim
1328 2605 1454 2641 suos
1479 2589 1535 2640 in
1571 2605 1806 2655 acquum
1841 2588 2019 2639 locum

314 2662 552 2725 deducit,
577 2679 640 2715 ac
667 2663 796 2715 dum
825 2664 1040 2732 legatus
1065 2665 1137 2717 ad
1168 2665 1368 2717 flumen
1396 2681 1502 2732 quo
1536 2665 1866 2733 praemissus
1900 2666 2022 2715 erat

311 2738 577 2792 festinans
611 2740 807 2807 pergit,
847 2741 1079 2808 quietus,
1119 2742 1202 2793 uti
1238 2758 1327 2794 res
1362 2740 1693 2809 postulabat,
1724 2740 1893 2792 aciem
1931 2755 2022 2790 ex-

313 2818 490 2882 ornat,
515 2831 693 2881 neque
716 2816 952 2869 remittit
990 2817 1123 2884 quid
1163 2817 1367 2884 ubique
1404 2816 1577 2870 hostis
1610 2819 1802 2884 ageret
1838 2815 2020 2881 explo-

311 2907 452 2944 rare.
528 2891 826 2959 Postquam
885 2893 1151 2945 Rutilium
1207 2893 1516 2946 consedisse
1562 2893 1677 2960 jam
1733 2897 1791 2944 et
1839 2892 2019 2944 animo

311 2984 543 3021 vacuum
563 2967 775 3036 accepit
796 2968 1062 3036 simulque
1083 2985 1151 3021 ex
1169 2968 1205 3020 J
1212 2969 1480 3035 ugurthac
1502 2969 1706 3036 proelio
1726 2969 2018 3020 clamorem

310 3044 518 3111 augeri,
551 3043 756 3096 veritus
795 3061 862 3096 ne
898 3043 1110 3110 legatus
1149 3044 1366 3111 cognita
1404 3060 1461 3096 re
1499 3043 1871 3097 laborantibus
1908 3045 2019 3096 suis

308 3113 513 3173 auxilio
540 3120 696 3181 foret,
723 3120 909 3182 aciem,
938 3136 1099 3186 quam
1133 3118 1386 3172 diffidens
1412 3119 1601 3172 virtuti
1630 3119 1860 3172 militum
1898 3127 2019 3172 arte

311 3191 602 3262 statuerat,
640 3211 745 3263 quo
791 3195 1028 3247 hostium
1067 3195 1247 3248 itineri
1287 3196 1542 3258 officeret,
1581 3195 1743 3247 latius
1785 3194 2017 3262 porrigit

305 3271 489 3342 coque
515 3271 677 3325 modo
703 3271 773 3323 ad
805 3271 975 3324 Rutili
1000 3274 1179 3325 castra
1203 3270 1466 3338 procedit.
