2269 3561
960 156 1265 207 CATILIN
1268 158 1335 206 A.
1943 158 2005 206 35

297 239 517 307 milites,
544 239 790 295 secordia
812 242 981 311 atque
1004 239 1221 306 ignavia
1245 237 1466 292 Lentuli
1491 240 1752 306 quantam
1783 241 1887 311 ipsi
1911 258 2005 296 no-

297 316 493 385 bisque
507 316 721 369 cladem
745 315 1009 380 attulerit,
1030 330 1249 382 quoque
1267 313 1446 382 mod0,
1465 314 1596 367 dum
1612 331 1681 368 ex
1695 316 1834 372 urbe
1847 335 2005 388 prae·

300 393 440 447 sidia
472 393 741 462 opperior,
765 392 821 445 in
848 391 1081 445 Galliam
1115 390 1383 459 proficisci
1415 392 1771 459 nequiverim.
1843 395 1890 446 N
1898 413 2004 450 unc

300 486 429 523 vero
464 485 573 537 quo
603 468 720 522 loco
753 486 843 522 res
876 472 1096 521 nostrae
1127 467 1252 535 sint,
1277 465 1443 534 juxta
1473 484 1686 522 mecum
1719 487 1905 525 omnes
1928 472 2005 525 in-

299 546 572 614 tellegitis.
650 544 940 598 Exercitus
963 544 1203 598 hostium
1228 543 1352 612 duo,
1376 560 1515 597 unus
1538 543 1608 597 ab
1632 545 1781 612 urbe,
1806 547 1949 601 alter
1972 565 2006 601 a

301 622 478 677 Gallia
524 623 784 688 obstant;
833 622 1039 676 diutius
1080 621 1139 675 in
1185 620 1270 674 his
1317 620 1449 673 locis
1490 637 1622 687 esse,
1664 623 1710 675 si
1752 639 2005 677 maxume

300 700 514 753 animus
551 701 709 767 ferat,
756 699 1018 753 frumenti
1065 702 1235 766 atque
1282 696 1509 750 aliarum
1557 714 1741 752 rerum
1788 704 2005 769 egestas

300 776 558 845 prohibet
581 798 593 842 3
640 793 965 844 quocunque
992 776 1074 829 ire
1104 775 1301 842 placet,
1331 773 1478 827 ferro
1508 773 1618 827 iter
1644 776 2005 843 aperiundum

300 857 401 907 est.
474 854 821 922 Quapropter
846 869 941 906 vos
969 868 1165 905 moneo
1200 851 1283 904 uti
1315 851 1445 905 forti
1478 854 1647 919 atque
1671 856 1864 920 parato
1893 854 2006 907 ani-

300 945 390 981 mo
440 930 574 996 sitis,
615 933 673 983 et
710 946 878 996 quum
925 928 1194 997 proelium
1240 927 1466 993 inibitis,
1514 928 1873 982 memineritis
1911 947 2006 983 vos

306 1004 542 1071 divitias,
568 1004 751 1070 decue,
776 1005 1023 1072 gloriam,
1051 1007 1342 1073 praeterea
1369 1002 1685 1057 libertatem
1721 1008 1890 1074 atque
1913 1022 2007 1074 pa-

302 1081 469 1135 triam
498 1081 558 1134 in
585 1081 832 1135 dexteris
855 1080 1057 1135 vostris
1100 1084 1343 1149 portare.
1416 1080 1473 1133 Si
1511 1080 1789 1150 vincimus,
1828 1083 2008 1135 omnia

302 1157 460 1210 nobis
496 1160 620 1211 tuta
657 1162 837 1225 erunt,
873 1160 1208 1211 commeatus
1247 1155 1481 1222 abunde,
1516 1157 1806 1226 municipia
1837 1161 2008 1227 atque

303 1232 543 1287 coloniae
578 1233 879 1302 patebunt3
915 1233 962 1286 si
988 1235 1145 1286 metu
1180 1231 1519 1300 cesserimus,
1556 1232 1749 1287 eadem
1785 1234 1878 1288 illa
1914 1234 2010 1287 ad-

302 1326 462 1363 vorsa
484 1309 655 1375 fient;
704 1325 884 1378 neque
906 1309 1058 1362 locus
1089 1324 1269 1376 neque
1301 1307 1507 1361 amicus
1536 1308 1826 1378 quisquam
1851 1313 2010 1379 teget

304 1402 468 1454 quem
486 1403 640 1440 arma
663 1402 773 1440 non
796 1386 1055 1440 texerint.
1104 1385 1417 1452 Praeterea,
1441 1385 1656 1452 milites,
1681 1403 1790 1440 non
1814 1386 2006 1440 eadem

302 1461 461 1515 nobis
484 1465 544 1516 et
567 1462 674 1515 illis
702 1461 1051 1515 necessitudo
1084 1460 1402 1529 impendet:
1438 1477 1537 1515 nos
1562 1478 1662 1531 pro
1686 1464 1882 1531 patria,
1905 1479 2008 1530 pro

301 1537 575 1605 libertate,
616 1555 718 1607 pro
757 1537 871 1592 vita
911 1542 1222 1602 certamus;
1272 1537 1380 1591 illis
1422 1553 1881 1606 supervacaneum
1923 1543 2009 1594 est

300 1630 399 1682 pro
423 1615 671 1683 potentia
692 1630 990 1682 paucorum
1013 1629 1275 1682 pugnare.
1335 1613 1454 1677 Quo
1478 1615 1734 1669 audacius
1758 1617 2009 1684 aggredi-

301 1689 435 1743 mini
460 1707 729 1744 memores
753 1690 1017 1758 pristinae
1037 1689 1274 1743 virtutis.
1335 1688 1515 1743 Licuit
1538 1689 1695 1745 nobis
1719 1709 1840 1746 cum
1867 1710 2008 1747 sum-

303 1783 393 1819 ma
415 1766 761 1836 turpitudine
784 1766 842 1820 in
867 1765 1056 1820 exsilio
1085 1768 1329 1820 aetatem
1363 1782 1528 1834 agere
1552 1787 1564 1828 ς
1597 1765 1854 1834 potuistis
1877 1780 2010 1818 non-

305 1842 438 1894 nulli
460 1843 667 1896 Romae
692 1843 905 1896 amissis
928 1842 1086 1896 bonis
1110 1842 1314 1896 alienas
1338 1859 1471 1911 opes
1489 1845 1812 1911 exspectare
1834 1861 1847 1906 ;
1880 1841 2011 1910 quia

306 1917 398 1971 illa
419 1919 581 1971 foeda
604 1923 772 1986 atque
801 1919 1149 1973 intoleranda
1170 1919 1301 1972 viris
1326 1919 1671 1985 videbantur,
1695 1918 1831 1972 haec
1853 1919 2009 1987 sequi

307 1993 645 2048 decrevistis.
707 1994 764 2048 si
788 1994 923 2049 haec
945 1995 1256 2062 relinquere
1272 1995 1451 2062 voltis,
1476 1994 1706 2048 audacia
1729 2010 1865 2061 opus
1889 1999 1975 2048 est
1997 2016 2010 2060 ;

306 2087 468 2124 nemo
504 2070 607 2124 nisi
649 2071 823 2125 victor
860 2088 994 2140 pace
1030 2071 1238 2125 bellum
1275 2071 1522 2125 mutavit.
1596 2070 1741 2123 Nam
1786 2071 1842 2123 in
1880 2071 2011 2139 fuga

307 2147 538 2200 salutem
582 2163 822 2215 sperare,
868 2164 1037 2215 quum
1083 2164 1237 2201 arma
1283 2148 1404 2216 quis
1451 2163 1646 2215 corpus
1691 2147 1901 2215 tegitur
1938 2147 2010 2200 ab

305 2222 556 2277 hostibus
593 2224 876 2290 averteris,
916 2240 981 2277 ea
1017 2239 1149 2278 vero
1189 2223 1468 2278 dementia
1510 2226 1609 2278 est.
1681 2223 1910 2292 Semper
1953 2224 2010 2277 in

306 2299 514 2369 proelio
532 2300 599 2353 iis
618 2316 934 2353 maxumum
952 2302 1038 2354 est
1055 2299 1374 2368 periculum,
1393 2300 1489 2369 qui
1508 2316 1761 2354 maxume
1782 2301 1982 2354 timent
1998 2321 2011 2365 3

305 2375 535 2429 audacia
562 2393 662 2444 pro
695 2393 852 2429 muro
881 2376 1131 2431 habetur.
1206 2375 1387 2441 Quum
1411 2392 1507 2429 vos
1538 2377 1837 2443 considerO,
1871 2377 2012 2429 mili-

305 2454 408 2518 tes,
457 2456 515 2506 et
561 2470 729 2521 quum
775 2453 923 2506 facta
958 2456 1150 2507 vostra
1192 2455 1456 2519 aestumo,
1505 2468 1703 2519 magna
1747 2469 1836 2506 me
1884 2469 2012 2521 spes

306 2528 562 2582 victoriae
587 2531 755 2582 tenet.
829 2529 1078 2593 Animus,
1111 2532 1279 2593 aetas,
1303 2528 1478 2583 virtus
1502 2532 1687 2582 vostra
1719 2527 1855 2598 [me]
1887 2529 2012 2581 hor-

305 2607 511 2672 tantur,
534 2609 826 2674 praeterea
855 2604 1216 2670 necessitudO,
1243 2620 1385 2672 quae
1409 2603 1575 2658 etiam
1603 2604 1828 2657 timidos
1851 2604 2011 2657 fortis
2068 2612 2083 2624 ·

304 2679 470 2734 facit:
523 2696 648 2733 nam
687 2680 982 2735 multitudo
1023 2680 1263 2733 hostium
1301 2697 1371 2734 ne
1407 2679 1796 2734 circumvenire
1843 2684 2012 2748 queat

304 2756 598 2825 prohibent
622 2756 906 2824 angustiae
929 2756 1047 2810 loci.
1108 2756 1316 2819 Quodsi
1340 2755 1533 2810 virtuti
1553 2759 1769 2808 vostrae
1793 2755 2012 2809 fortuna

306 2831 580 2900 inviderit,
613 2836 804 2886 cavete
836 2831 997 2886 inulti
1028 2832 1263 2885 animam
1301 2832 1586 2898 amittatis,
1610 2847 1719 2884 neu
1743 2833 1888 2899 capti
1920 2849 2011 2901 po·

306 2908 418 2962 tius
451 2907 612 2961 sicuti
643 2924 841 2977 pecora
873 2907 1222 2961 trucidemini
1248 2924 1413 2976 quam
1441 2908 1680 2961 virorum
1703 2923 1855 2960 more
1879 2924 2012 2977 pug-

304 2987 502 3037 nantes
540 2989 824 3038 cruentam
872 2988 1038 3052 atque
1085 2983 1388 3038 luctuosam
1427 2984 1710 3038 victoriam
1758 2983 2011 3040 hostibus

305 3059 671 3128 relinquatiS.’'

411 3141 493 3189 69.
566 3137 722 3190 Haec
768 3135 863 3189 ubi
912 3135 1067 3203 dixit,
1116 3135 1395 3204 paululum
1442 3140 1809 3191 commoratus
1855 3137 2010 3205 signa

304 3227 503 3268 canere
526 3211 709 3281 jubet,
734 3216 902 3283 atque
924 3213 1223 3267 instructos
1246 3212 1468 3267 ordines
1491 3212 1546 3266 in
1570 3214 1749 3266 locum
1773 3229 2009 3280 aequum
