2269 3561
252 200 315 248 52
754 199 810 248 G.
850 198 1197 248 SALLUSTI
1233 196 1463 247 CRISPI

251 281 326 333 ad
352 278 695 348 Jugurtham
732 279 804 333 de
837 280 1053 348 injuriis
1089 285 1343 348 questum
1381 281 1562 347 misit3
1610 281 1706 350 qui
1740 283 1963 355 tametsi

251 358 641 410 contumeliosa
670 356 820 410 dicta
852 358 1201 425 rettulerant,
1236 357 1389 426 prius
1424 362 1609 411 tamen
1636 361 1816 413 omnia
1846 363 1961 429 pati
2065 426 2076 431 ‚

251 432 498 487 decrevit
537 450 700 500 quam
743 433 948 486 bellum
993 451 1223 500 sumere,
1261 434 1389 502 quia
1430 438 1763 502 temptatum
1799 442 1963 492 antea

251 527 404 563 secus
429 513 688 563 cesserat.
759 509 958 578 Neque
990 527 1054 563 eo
1087 511 1262 578 magis
1292 510 1491 578 cupido
1516 510 1831 579 Jugurthae
1861 516 1961 568 mi-

250 587 539 653 nuebatur,
586 585 789 653 quippe
832 586 924 653 qui
968 590 1149 639 totum
1192 586 1312 654 ejus
1354 603 1583 654 regnum
1626 589 1807 642 animo
1840 591 1959 659 jam

249 664 538 716 invaserat.
613 663 812 730 Itaque
836 679 944 714 non
968 666 1032 715 ut
1061 666 1226 716 antea
1250 681 1374 716 cum
1399 664 1750 732 praedatoria
1777 684 1955 737 manu,

250 740 349 793 sed
381 755 577 807 magno
613 738 860 792 exercitu
884 743 1199 808 comparato
1231 738 1436 792 bellum
1468 757 1664 807 gerere
1693 744 1959 811 coepit-et

249 821 441 886 aperte
464 817 634 869 totius
661 815 955 868 Numidiae
981 816 1270 884 imperium
1296 820 1503 883 petere.
1568 817 1824 872 Ceterum
1851 838 1959 889 qua

120 930 165 957 sk..
224 893 531 965 ,pei-gebat,
559 891 728 955 urbiS,
760 908 919 959 agros
956 897 1187 960 vastare,
1217 893 1454 960 praedas
1487 909 1669 960 agere,
1702 896 1815 948 suis
1844 898 1959 950 ani-

248 987 410 1037 mum,
437 969 684 1023 hostibus
707 972 977 1022 terrorem
1003 984 1220 1035 augere.

352 1053 433 1101 21.
478 1044 762 1100 Adherbal
786 1043 881 1098 ubi
906 1045 1179 1112 intellegit
1197 1062 1263 1098 eo
1287 1062 1602 1114 processum
1621 1048 1704 1102 uti
1730 1065 1957 1116 regnum

247 1127 344 1178 aut
369 1121 785 1191 relinquendum
815 1125 962 1175 esset
993 1125 1089 1174 aut
1126 1123 1291 1174 armis
1325 1122 1690 1191 retinendum,
1715 1141 1958 1178 necessa-

247 1200 329 1253 rio
354 1200 535 1267 copias
559 1203 717 1267 parat
748 1201 807 1251 et
832 1198 869 1250 J
873 1197 1142 1265 ugurthae
1168 1197 1359 1250 obvius
1384 1198 1647 1266 procedit.
1724 1200 1956 1255 Interim

194 1342 197 1347 ἡ
245 1276 395 1329 haud
431 1277 592 1344 longe
634 1292 668 1328 a
708 1275 846 1327 mari
884 1291 1055 1342 prope
1102 1274 1311 1327 Cirtam
1357 1275 1618 1343 oppidum
1666 1276 1956 1346 utriusque

246 1353 522 1406 exercitus
546 1351 810 1418 consedit,
836 1354 894 1404 et
920 1351 1047 1419 quia
1071 1350 1164 1403 die
1189 1355 1496 1404 extremum
1522 1356 1659 1420 erat,
1686 1354 1955 1421 proelium

246 1445 355 1482 non
377 1428 668 1496 inceptum.
742 1427 852 1480 Sed
886 1428 979 1479 ubi
1009 1426 1332 1495 plerumque
1355 1429 1530 1480 noctis
1554 1431 1835 1497 processit,
1860 1431 1956 1484 ob-

247 1522 404 1559 scuro
452 1505 738 1558 etiamtum
780 1504 984 1556 lumine
1024 1503 1226 1556 milites
1265 1503 1588 1571 Jugurthini
1632 1506 1784 1572 signo
1821 1507 1955 1561 dato

245 1586 425 1636 castra
445 1581 683 1634 hostium
707 1580 971 1634 invadunt
989 1600 1000 1644 3
1037 1580 1393 1633 semisomnos
1411 1581 1630 1648 partim,
1650 1581 1784 1635 alios
1803 1599 1956 1638 arma

246 1658 510 1712 sumentis
559 1658 755 1724 fugant
806 1656 1187 1724 funduntque3
1259 1657 1546 1710 Adherbal
1594 1675 1716 1711 cum
1763 1661 1954 1727 paucis

172 1756 179 1796 3
244 1734 523 1804 equitibus
563 1733 771 1788 Cirtam
814 1732 1070 1801 profugit,
1112 1736 1171 1787 et
1209 1733 1265 1786 ni
1305 1733 1602 1787 multitudo
1640 1738 1954 1803 togatorum

168 1819 177 1868 Σ
244 1812 454 1879 fuisset,
487 1827 627 1880 quae
661 1809 930 1863 Numidas
964 1809 1304 1879 insequentis
1338 1810 1623 1863 moenibus
1655 1812 1951 1881 prohibuit,

158 1927 165 1958 :
241 1905 352 1942 uuo
384 1889 476 1943 die
508 1888 653 1941 inter
686 1887 823 1941 duos
857 1903 1016 1953 reges
1051 1891 1307 1956 coeptum
1333 1892 1502 1956 atque
1534 1891 1813 1957 patratum
1837 1890 1952 1944 bel-

149 1999 155 2018 ,
242 1965 354 2018 lum
379 1966 534 2019 foret.
592 1965 775 2032 Igitur
794 1964 831 2016 J
838 1964 1077 2030 ugurtha
1100 1963 1364 2032 oppidum
1389 1964 1755 2033 circumsedit,
1777 1967 1951 2021 vineis

142 2027 151 2118 ξ
242 2041 600 2110 turribusque
642 2045 700 2094 et
742 2040 1005 2092 machinis
1046 2040 1288 2091 omnium
1330 2057 1591 2107 generum
1636 2058 1950 2110 expugnare

241 2119 579 2187 aggreditur,
612 2134 866 2171 maxume
900 2116 1165 2169 festinans
1202 2119 1420 2184 tempus
1455 2117 1759 2184 legatorum
1796 2121 1950 2172 ante-

136 2173 147 2258 :
242 2212 448 2264 capere,
471 2212 607 2263 quos
625 2198 753 2248 ante
770 2192 1038 2260 proelium
1057 2193 1262 2245 factum
1284 2191 1354 2244 ab
1376 2192 1696 2246 Adherbale
1716 2194 1949 2248 Romam

146 2295 149 2304 ·
240 2273 432 2325 missos
463 2271 763 2324 audiverat.
836 2269 947 2323 Sed
983 2273 1274 2337 postquam
1311 2271 1534 2322 senatus
1571 2268 1641 2321 de
1677 2268 1822 2323 bello
1858 2287 1948 2323 co-

152 2345 161 2396 ἶ
240 2366 362 2401 rum
395 2347 619 2415 accepit,
642 2351 760 2399 tres
794 2346 1174 2398 adulescentes
1207 2345 1261 2396 in
1290 2344 1531 2397 Africam
1565 2345 1819 2412 legantur
1850 2347 1947 2415 qui

172 2439 179 2468 ‘-
239 2424 427 2478 ambos
464 2440 624 2491 reges
659 2422 875 2489 adeant,
906 2425 1126 2475 senatus
1163 2420 1458 2489 populique
1497 2421 1728 2474 Romani
1763 2421 1947 2475 verbis

176 2493 185 2570 ἶ,
238 2501 519 2554 nuntient:
557 2498 742 2552 “velle
777 2501 836 2550 et
868 2514 1088 2551 censere
1120 2515 1213 2552 eos
1247 2497 1315 2550 ab
1349 2498 1515 2550 armis
1550 2498 1847 2563 discedere,
1873 2499 1947 2552 de

182 2577 189 2590 '
237 2576 621 2631 controversiis
646 2575 755 2628 suis
770 2573 901 2642 jure
925 2575 1106 2642 potius
1132 2590 1296 2642 quam
1321 2572 1466 2628 bello
1491 2573 1829 2641 disceptare3
1864 2576 1947 2628 ita

182 2711 187 2728 s
237 2670 406 2722 seque
429 2654 645 2720 illisque
671 2652 894 2718 dignum
920 2651 1086 2703 esse.'’

174 2769 175 2772 ,
342 2736 420 2783 22.
474 2729 668 2796 Legati
693 2729 748 2779 in
776 2727 1020 2780 Africam
1047 2731 1387 2782 maturantcs
1411 2728 1635 2781 veniunt
1660 2744 1725 2780 eo
1749 2728 1940 2796 magis,

168 2813 171 2816 “
237 2807 387 2876 quod
422 2807 643 2873 Romae,
678 2805 809 2857 dum
843 2802 1110 2871 proficisci
1143 2807 1353 2871 parant,
1379 2804 1450 2857 de
1481 2804 1685 2872 proelio
1713 2804 1859 2857 facto
1884 2809 1945 2858 et

236 2884 639 2953 oppugnatione
667 2882 850 2935 Cirtae
879 2878 1239 2945 audiebatur3
1277 2880 1376 2933 sed
1408 2881 1456 2933 is
1489 2897 1676 2932 rumor
1704 2879 1944 2934 clemens

234 2965 370 3015 erat.
445 2960 685 3023 Quorum
734 2957 771 3009 J
776 2956 1014 3024 ugurtha
1061 2961 1287 3024 accepta
1334 2957 1581 3009 oratione
1628 2956 1941 3024 respondit:

235 3038 264 3064 “
284 3036 388 3090 sibi
424 3053 602 3103 neque
638 3034 816 3102 majus
853 3034 1139 3101 quicquam
1180 3050 1357 3101 neque
1396 3033 1573 3086 carius
1610 3034 1943 3087 auctoritate

234 3113 410 3168 senati
436 3129 584 3177 esse3
621 3111 691 3164 ab
716 3109 1088 3163 adulescentia
1111 3109 1192 3162 ita
1218 3126 1277 3163 se
1296 3111 1504 3163 enisum
1533 3113 1597 3162 ut
1621 3108 1691 3161 ab
1715 3115 1941 3176 optumo

180 3209 181 3216 ¹
233 3206 451 3261 quoque
497 3188 851 3255 probaretur3
912 3186 1132 3252 virtute,
1184 3203 1291 3239 non
1338 3187 1549 3239 malitia
1599 3185 1657 3238 P.
1699 3185 1941 3253 Scipioni

190 3271 193 3278 '
233 3281 445 3320 summo
469 3265 583 3332 viro
607 3263 907 3332 placuisse3
943 3260 1013 3313 ob
1038 3261 1260 3314 easdem
1292 3264 1428 3332 artis
1458 3263 1528 3315 ab
1559 3262 1806 3328 Msscipsa,
1831 3280 1941 3318 non
