2269 3561
286 204 345 249 96
786 204 843 252 C.
883 201 1230 250 SALLUSTI
1266 199 1501 248 CRISPI

283 299 353 335 ex
377 282 537 336 coriis
561 285 716 337 utres
741 283 823 336 uti
848 283 1047 335 fierent
1065 281 1324 345 curabat;
1359 278 1518 333 simul
1543 281 1602 333 et
1625 278 1864 347 inopiam
1892 278 2005 331 fru-

287 360 457 412 menti
490 359 679 424 lenire,
706 362 765 412 et
793 359 995 426 ignaris
1024 356 1277 410 omnibus
1309 373 1504 425 parare
1539 374 1681 423 quae
1713 373 1840 407 mox
1876 355 2007 407 usui

284 435 497 500 forent;
534 436 771 503 denique
797 440 953 488 sexto
978 435 1084 502 die,
1110 451 1280 503 quum
1312 433 1386 486 ad
1417 433 1618 485 flumen
1644 437 1872 485 ventum
1901 436 2009 496 est,

287 527 542 564 maxuma
566 513 647 564 vis
670 513 879 564 utrium
905 511 1110 565 effecta.
1187 509 1274 562 Ibi
1302 510 1496 563 castris
1527 509 1633 562 levi
1660 507 2008 561 munimento

284 588 477 655 positis
501 587 702 640 milites
727 587 904 640 cibum
940 602 1138 656 capere
1168 590 1336 654 atque
1360 586 1441 639 uti
1468 584 1627 637 simul
1654 601 1777 638 cum
1803 601 2009 637 occasu

287 664 416 717 solis
449 665 847 732 egrederentur
878 668 1099 732 paratos
1133 680 1254 716 esse
1283 662 1462 730 jubet,
1490 662 1743 714 omnibus
1773 661 2009 713 sarcinis

286 740 519 807 abjectis
556 757 700 808 aqua
738 739 899 792 modo
934 757 1102 807 seque
1142 743 1199 793 et
1231 739 1485 807 jumenta
1524 755 1765 792 onerare.
1841 738 2008 792 Dein.

286 820 579 885 postquam
612 820 830 883 tempus
864 815 1057 881 visum,
1094 816 1289 869 castris
1332 815 1629 883 egreditur,
1670 819 2010 883 noctemque

287 896 462 946 totam
491 893 692 946 itinere
722 894 866 945 facto
896 893 1177 955 consedit;
1211 892 1358 945 idem
1385 908 1650 960 proxuma
1675 892 1836 956 facit3
1875 891 2007 944 dein

287 969 455 1022 tertia
486 969 661 1022 multo
694 976 822 1021 ant-e
856 968 992 1021 lucis
1025 968 1324 1022 adventum
1357 968 1607 1037 pervenit
1631 967 1686 1019 in
1711 967 1892 1020 locum
1917 972 2007 1021 tu-

286 1045 573 1112 mulosum,
594 1044 664 1097 ab
686 1046 864 1112 Capsa
887 1062 993 1097 non
1015 1045 1247 1113 amplius
1268 1045 1437 1097 duum
1462 1044 1670 1096 milium
1694 1044 2006 1110 intervallo,

285 1121 475 1189 ibique
524 1139 688 1189 quam
738 1121 1116 1175 occultissume
1157 1125 1342 1190 potest
1380 1137 1501 1173 cum
1542 1119 1793 1172 omnibus
1832 1120 2008 1189 copiis

288 1199 587 1266 opperitur.
662 1198 772 1251 Sed
796 1197 889 1250 ubi
915 1197 1032 1250 dies
1056 1199 1237 1265 coepit
1263 1201 1322 1251 et
1348 1196 1621 1249 Numidae
1644 1197 1778 1249 nihil
1803 1196 2008 1250 hostile

287 1279 601 1327 metuentes
626 1273 784 1327 multi
810 1274 1011 1342 oppido
1042 1274 1265 1342 egressi,
1295 1277 1526 1342 repente
1550 1290 1765 1326 omnem
1792 1274 2007 1342 equita-

289 1354 408 1404 tum
448 1354 506 1404 et
545 1367 669 1404 cum
704 1350 788 1403 his
812 1350 1193 1403 velocissumos
1230 1349 1448 1417 pedites
1476 1366 1638 1402 cursu
1669 1351 1903 1403 tendere
1931 1350 2008 1404 ad

292 1427 524 1494 Capsam
558 1430 617 1479 et
647 1431 835 1495 portas
868 1425 1119 1479 obsidere
1151 1425 1347 1493 jubet3
1384 1426 1583 1478 deinde
1611 1426 1731 1493 ipse
1754 1427 2007 1480 intentus

289 1520 522 1571 propere
563 1504 733 1572 sequi,
776 1519 955 1570 neque
1003 1502 1204 1556 milites
1250 1502 1505 1569 praedari
1555 1503 1748 1555 sinere.
1848 1503 2005 1568 Quae

289 1585 579 1647 postquam
617 1579 874 1647 oppidani
911 1595 1230 1646 cognovere,
1269 1588 1359 1632 res'
1397 1577 1666 1647 trepidae,
1703 1581 1886 1633 metus
1923 1581 2005 1633 in-

289 1673 441 1724 gens,
490 1655 691 1708 malum
740 1654 1109 1723 improvisum,
1158 1654 1231 1707 ad
1277 1655 1378 1707 hoc
1425 1671 1553 1723 pars
1595 1654 1795 1709 civimn
1843 1660 2005 1710 extra

291 1732 506 1787 moenia
546 1732 601 1785 in
645 1732 885 1786 hostium
931 1735 1224 1801 potestate,
1268 1736 1496 1798 coegere
1539 1732 1621 1786 uti
1663 1732 2003 1787 deditionem

290 1810 548 1862 facerent.
626 1809 883 1863 Ceterum
928 1810 1191 1877 oppidum
1238 1809 1534 1876 incensum,
1587 1809 1862 1862 Numidae
1909 1828 2007 1879 pu-

291 1886 451 1939 bsres
480 1886 773 1951 interfecti,
798 1886 889 1938 alii
915 1902 1102 1938 omnes
1127 1885 1461 1951 venumdati,
1496 1886 1703 1954 praeda
1734 1887 2006 1940 militibus

294 1962 477 2014 divisa.
553 1960 623 2013 ld
653 1962 859 2014 facinus
893 1965 1085 2014 contra
1116 1963 1212 2029 jus
1249 1960 1375 2013 belli
1418 1979 1525 2015 non
1557 1963 1788 2016 avaritia
1825 1981 2006 2032 neque

294 2038 498 2091 scelere
545 2037 778 2090 consulis
820 2037 1131 2103 admissum,
1175 2036 1272 2089 sed
1315 2039 1445 2104 quia
1491 2038 1639 2092 locus
1685 2039 1724 2092 J
1728 2041 2006 2107 ugurthae

294 2118 648 2183 opportunus,
666 2112 822 2164 nobis
846 2112 1003 2165 aditu
1028 2113 1275 2173 difficilis,
1292 2130 1464 2180 genus
1488 2114 1763 2168 hominum
1783 2117 2005 2187 mobile,

292 2190 522 2243 infidum
548 2187 736 2258 [ante],
762 2206 941 2256 neque
966 2187 1231 2241 beneficio
1259 2206 1437 2256 noque
1462 2194 1614 2242 metu
1636 2192 1948 2246 coercitum.

399 2272 480 2319 92.
555 2266 850 2332 Postquam
875 2268 1086 2317 tantam
1114 2281 1230 2317 rem
1259 2264 1467 2316 Marius
1499 2265 1613 2318 sine
1643 2267 1754 2319 ullo
1780 2285 2004 2322 suorum

294 2342 637 2397 incommodo
686 2341 940 2410 patravit,
995 2357 1225 2408 magnus
1272 2346 1329 2393 et
1376 2341 1553 2394 clarus
1600 2346 1776 2409 antea,
1827 2346 2005 2414 major

296 2423 461 2487 atque
495 2418 689 2471 clarior
726 2416 915 2470 haberi
954 2418 1147 2485 coepit.
1223 2418 1417 2470 Omnia
1446 2435 1554 2471 non
1583 2419 1724 2472 bene
1755 2422 2007 2476 consulta

296 2495 494 2564 [mod0,
515 2511 701 2546 verum
732 2495 896 2546 etiam
922 2511 1052 2547 casu
1076 2492 1229 2560 data]
1255 2494 1306 2545 in
1330 2495 1588 2548 virtutem
1613 2495 2006 2562 trahebantur3

296 2571 513 2635 militeS‚
549 2570 799 2622 modesto
831 2570 1060 2636 imperio
1095 2569 1283 2635 habiti,
1316 2570 1474 2623 simul
1501 2575 1558 2623 et
1584 2571 1897 2640 locupleteS,
1932 2574 2006 2627 ad

297 2647 503 2701 coelum
543 2647 703 2709 ferre,
744 2645 1019 2698 Numidae
1056 2646 1231 2713 magis
1264 2663 1425 2714 quam
1465 2649 1750 2701 mortalem
1789 2649 2005 2712 timere,

297 2728 575 2793 postremo
605 2738 793 2774 omnes
826 2722 954 2774 socii
987 2726 1155 2790 atque
1171 2723 1357 2775 hostes
1383 2723 1608 2775 credere
1631 2724 1709 2775 illi
1734 2729 1831 2777 aut
1855 2742 2006 2778 men-

298 2804 419 2854 tem
453 2798 690 2852 divinam
729 2814 865 2865 esse,
907 2801 1003 2850 aut
1042 2798 1267 2850 deorum
1308 2802 1445 2850 nutu
1488 2805 1682 2852 cuncta
1727 2801 2004 2867 portendi.

300 2877 411 2930 Sed
436 2876 636 2942 consul,
661 2875 757 2928 ubi
783 2891 849 2928 ea
881 2891 970 2927 res
1003 2873 1145 2926 bene
1174 2874 1371 2939 evenit,
1407 2873 1479 2926 ad
1513 2875 1617 2926 alia
1649 2875 1851 2944 oppida
1884 2894 2009 2945 per-

298 2953 396 3020 git,
429 2968 600 3018 pauca
633 2950 1063 3018 repugnantibus
1097 2950 1352 3002 Numidis
1389 2949 1549 3018 capit,
1587 2950 1746 3019 plura
1780 2951 2009 3007 deserta

299 3029 526 3094 propter
543 3027 897 3093 Capsensium
915 3025 1162 3076 miserias
1183 3025 1294 3092 igni
1314 3027 1616 3094 corrumpit
1633 3048 1644 3091 3
1667 3028 1818 3082 luctu
1836 3034 2008 3098 atque

300 3099 468 3152 caede
504 3100 683 3150 omnia
711 3100 1062 3166 complentur.
1136 3099 1384 3166 Denique
1409 3103 1598 3154 multis
1622 3104 1752 3156 locis
1777 3107 2003 3172 potituS‚

303 3189 366 3225 ac
393 3172 670 3239 plerisque
703 3173 946 3224 exercito
983 3175 1281 3239 incruentO,
1314 3175 1470 3227 aliam
1511 3195 1628 3230 rem
1666 3181 2004 3246 aggreditur,

302 3263 411 3299 non
452 3245 642 3297 eadem
685 3246 985 3312 asperitate
1016 3264 1124 3314 qua
1165 3248 1532 3318 Capsensium,
1571 3258 1816 3308 ceterum
1855 3257 2006 3312 haud
