2269 3561
988 193 1022 241 J
1027 193 1381 241 UGURTHA
1393 231 1404 241 .
1982 194 2041 240 91

340 275 467 338 vidi,
492 275 598 327 alia
621 279 840 342 egomet
866 274 1042 343 gessi3
1078 290 1221 341 quae
1248 274 1325 327 illi
1353 273 1573 340 litteris,
1598 290 1663 326 ea
1686 289 1789 340 ego
1813 272 2047 326 militan-

340 351 413 404 do
445 351 628 405 didici.
718 351 769 403 N
771 369 878 405 unc
907 367 1003 405 vos
1034 352 1366 404 existumate
1402 351 1548 403 facta
1583 367 1651 403 an
1690 349 1838 402 dicta
1874 348 2048 418 pluris

340 429 466 482 sint.
540 428 911 482 Contemnunt
947 428 1246 481 novitatem
1284 444 1476 493 meam,
1511 443 1613 494 ogo
1642 426 1859 479 illorum
1897 426 2047 493 igna-

339 505 515 571 viam;
562 505 691 557 mihi
734 505 970 571 fortuna,
1017 504 1123 556 illis
1169 504 1370 572 probra
1411 503 1771 571 objectantur.
1848 503 2048 567 Quam-

340 598 506 649 quam
532 597 633 648 ego
656 585 903 634 naturam
930 597 1092 633 unam
1119 585 1176 633 et
1201 596 1538 632 communem
1572 580 1812 632 omnium
1843 579 2048 631 existu-

340 674 446 722 mo,
474 658 571 711 sed
597 658 964 710 fortissumum
999 673 1273 724 quemque
1303 656 1812 723 generosissumum.
1887 658 1973 708 Ac
2002 655 2044 707 si

330 732 451 802 jam
479 751 549 787 ex
573 734 819 801 patribus
850 732 1036 785 Albini
1062 736 1159 785 aut
1192 732 1414 786 Bestiae
1440 733 1626 800 quaeri
1661 735 1860 799 posset,
1887 748 2048 784 mene

341 827 410 862 an
436 810 557 863 illos
581 827 650 863 ex
676 826 733 863 se
758 810 909 877 gigni
934 810 1241 875 maluerint,
1267 809 1400 878 quid
1423 825 1777 878 responsuros
1802 807 2048 875 creditiS,

340 886 446 939 nisi
486 903 606 940 sese
643 886 844 940 liberos
876 903 1037 953 quam
1070 889 1325 955 optumos
1350 886 1620 938 voluisse?
1696 884 1902 948 Quodsi
1917 883 2049 951 jure

340 979 430 1016 me
456 961 779 1030 despiciunt,
810 963 1018 1015 faciunt
1053 962 1200 1014 idem
1241 962 1540 1030 majoribus
1570 963 1695 1021 suis,
1737 961 1934 1029 quibus
1964 960 2048 1013 uti

340 1039 474 1091 mihi
507 1056 575 1091 ex
601 1039 804 1092 virtute
837 1038 1093 1092 nobilitas
1126 1039 1320 1107 coepit.
1397 1039 1656 1091 Invident
1680 1037 1872 1090 honori
1898 1054 2051 1101 meo;

342 1131 473 1183 ergo
497 1115 780 1169 invideant
803 1116 993 1182 labori,
1028 1115 1388 1182 innocentiae,
1422 1114 1676 1183 periculis
1701 1114 1869 1167 etiam
1896 1114 2047 1179 meis,

343 1193 596 1260 quoniam
621 1209 721 1260 per
744 1192 879 1246 haec
901 1193 1053 1245 illum
1080 1193 1213 1260 cepi.
1291 1192 1497 1244 Verum
1533 1190 1777 1243 homines
1803 1191 2049 1259 corrupti

342 1268 600 1336 superbia
633 1269 710 1321 ita
743 1273 983 1322 aetatem
1019 1273 1205 1335 agunt,
1230 1269 1384 1335 quasi
1409 1271 1621 1321 vostros
1656 1266 1888 1319 honores
1924 1283 2048 1319 con-

341 1348 622 1408 temnant3
658 1346 737 1398 ita
775 1346 874 1398 hos
915 1349 1128 1413 petunt,
1169 1345 1323 1412 quasi
1366 1344 1594 1396 honeste
1634 1344 1884 1396 vixerint.
1960 1343 2011 1395 N
2018 1363 2048 1396 e

341 1421 419 1474 illi
452 1421 572 1474 falsi
603 1426 746 1488 sunt,
772 1422 865 1490 qui
903 1422 1319 1474 divorsissumas
1351 1438 1441 1473 res
1470 1421 1677 1488 pariter
1709 1423 2050 1488 exspectant,

341 1498 590 1566 ignaviae
619 1499 955 1565 voluptatem
989 1501 1046 1551 et
1077 1497 1320 1564 praemia
1349 1497 1583 1550 virtutis.
1655 1500 1848 1564 Atque
1882 1496 2047 1550 etiam

343 1591 513 1642 quum
552 1574 700 1643 apud
736 1591 831 1628 vos
865 1578 962 1627 aut
998 1574 1053 1626 in
1098 1577 1293 1626 senatu
1325 1574 1493 1626 verba
1530 1574 1752 1641 faciunt,
1786 1573 2050 1642 pleraque

342 1651 589 1704 oratione
636 1651 871 1719 majores
925 1667 1050 1704 suos
1099 1651 1398 1714 extollunt3
1459 1667 1644 1704 eorum
1693 1650 1856 1704 fortia
1906 1650 2052 1703 facta

342 1729 698 1783 memorando
747 1728 1001 1783 clariores
1046 1745 1167 1782 seso
1215 1732 1425 1798 putant.
1502 1727 1662 1794 Quod
1709 1732 1899 1782 contra
1947 1730 2048 1780 est.

344 1807 489 1859 Nam
528 1810 791 1875 quantum
836 1807 948 1859 vita
994 1806 1211 1859 illorum
1260 1806 1605 1872 praeclarior,
1653 1809 1808 1858 tanto
1856 1803 2050 1856 horum

344 1882 594 1936 secordia
616 1882 949 1950 flagitiosior.
1023 1882 1095 1934 Et
1121 1883 1366 1950 profecto
1390 1883 1468 1934 ita
1493 1899 1550 1934 se
1576 1899 1665 1934 res
1690 1881 1888 1945 habet;
1938 1897 2053 1932 ma-

334 1957 524 2026 jorum
571 1959 744 2025 gloria
786 1958 1022 2027 posterls
1069 1956 1271 2026 [quasi]
1318 1958 1503 2009 lumen
1544 1962 1642 2021 est,
1685 1975 1863 2025 nequo
1906 1955 2052 2009 bona

344 2051 523 2103 neque
549 2035 689 2087 mala
721 2051 907 2087 eorum
941 2034 997 2086 in
1030 2034 1240 2087 occulto
1274 2034 1498 2102 patitur.
1573 2033 1818 2101 Hujusce
1845 2034 1924 2086 rei
1951 2050 2052 2100 ego

344 2112 582 2180 inopiam
621 2112 811 2177 fateor,
854 2110 1123 2174 Quirites;
1158 2127 1362 2175 verum,
1402 2109 1459 2161 id
1499 2110 1646 2176 quod
1686 2110 1857 2163 multo
1901 2127 2055 2178 prae-

345 2188 545 2242 clarius
604 2191 704 2251 est,
763 2189 1002 2239 meamet
1049 2186 1194 2239 facta
1240 2186 1373 2238 mihi
1423 2185 1605 2238 dicore
1665 2186 1806 2239 licet.
1892 2186 1941 2238 N
1948 2204 2055 2239 unc

345 2263 532 2317 videte
571 2280 733 2331 quam
774 2263 947 2330 iniqui
987 2263 1107 2315 =int.
1185 2262 1344 2326 Quod
1387 2279 1454 2315 ex
1494 2262 1672 2314 aliena
1705 2263 1909 2315 virtute
1949 2262 2054 2315 sibi

345 2342 621 2406 arrogant,
663 2338 720 2390 id
761 2339 892 2390 mihi
932 2356 997 2391 ex
1032 2355 1155 2392 mea
1185 2356 1292 2391 non
1331 2338 1653 2405 concedunt,
1687 2339 1895 2392 scilicet
1929 2340 2056 2407 quia

345 2416 610 2482 imagines
647 2431 751 2466 non
793 2414 978 2479 habe0‚
1026 2418 1084 2468 et
1131 2416 1261 2484 quia
1299 2414 1431 2467 mihi
1475 2431 1612 2467 nova
1651 2415 1906 2469 nobilitas
1950 2421 2052 2484 est,

348 2508 515 2561 quam
553 2494 704 2544 certe
747 2492 1023 2559 peperisse
1064 2491 1258 2544 melius
1296 2495 1381 2544 est
1419 2508 1581 2559 quam
1624 2496 1903 2559 acceptam
1942 2510 2055 2545 cor-

347 2569 574 2637 rupisse.
647 2567 917 2635 Equidem
952 2584 1053 2635 cgo
1086 2584 1192 2619 non
1225 2567 1432 2634 ignoro,
1459 2568 1503 2620 si
1533 2567 1652 2635 jam
1678 2569 1808 2620 mihi
1836 2585 2055 2635 respon-

349 2646 486 2699 dere
509 2645 692 2711 velint,
734 2644 951 2698 abunde
989 2644 1095 2697 illis
1133 2644 1423 2697 facundam
1457 2648 1515 2697 et
1551 2646 1904 2713 compositam
1939 2662 2056 2697 ora-

350 2724 555 2777 tionem
595 2722 726 2775 fore.
798 2721 907 2775 Sed
947 2720 1001 2773 in
1044 2737 1299 2773 maxumo
1341 2726 1526 2773 vostro
1574 2720 1840 2774 beneficio
1890 2738 2055 2787 quum

350 2798 604 2853 omnibus
629 2798 760 2852 locis
786 2815 872 2850 me
888 2814 1089 2866 vosque
1113 2796 1422 2849 maledictis
1446 2796 1701 2863 lacerent,
1721 2814 1825 2849 non
1851 2796 2059 2864 placuit

348 2877 599 2943 reticere,
637 2892 704 2929 ne
749 2875 873 2943 quis
911 2875 1238 2927 modestiam
1279 2874 1335 2926 in
1377 2873 1764 2926 conscientiam
1816 2872 2058 2927 duceret.

352 2954 494 3006 Nam
536 2969 624 3006 me
660 2952 881 3020 quidem
919 2969 984 3005 ex
1026 2951 1190 3003 animi
1233 2950 1341 3004 mei
1382 2950 1656 3003 sententia
1697 2950 1846 3002 nulla
1883 2951 2060 3004 oratio

351 3029 574 3083 laedere
602 3033 814 3099 potest;
851 3028 1052 3097 quippo
1076 3045 1206 3080 vera
1238 3043 1458 3080 necesse
1484 3030 1569 3079 est
1593 3027 1732 3079 bene
1765 3026 2060 3095 praedicet,

351 3107 547 3161 falsam
572 3107 686 3160 vita
716 3121 1005 3173 moresque
1039 3105 1145 3158 mei
1180 3106 1455 3172 superant.
1529 3103 1639 3157 Sed
1666 3104 1916 3171 quoniam
1944 3120 2060 3157 vos-

352 3187 446 3237 tra
468 3183 691 3236 consilia
723 3184 1060 3246 accusantur,
1101 3180 1196 3248 qui
1235 3180 1363 3232 mihi
1406 3195 1675 3233 summum
1708 3181 1967 3234 honorem
2004 3184 2062 3233 et

353 3276 670 3312 maxumum
721 3258 997 3326 negotium
1050 3256 1398 3324 imposuistis,
1452 3257 1618 3310 etiam
1672 3260 1839 3326 atque
1892 3256 2059 3310 etiam
