2269 3561
965 178 1382 228 JUGURTHA.
1969 181 2030 229 75

324 274 517 332 campo
542 258 725 321 situm,
761 260 930 328 magis
959 278 1125 330 opere
1157 278 1318 329 quam
1360 265 1559 315 natura
1596 262 1865 314 munitum
1894 265 2030 327 erat,

322 335 525 388 nul-lius
573 334 801 388 idoneae
849 338 926 389 rei
975 355 1156 405 egeus,
1205 338 1371 392 armis
1413 338 1652 407 virisque
1694 338 2027 407 opulentum.

327 412 510 480 Igitur
546 411 806 464 Metellus
844 430 942 481 pro
978 420 1227 483 tempore
1262 417 1431 483 atque
1467 414 1585 468 loco
1620 414 1829 483 paratis
1864 413 2031 468 rebus

321 495 519 541 cuncta
545 488 756 541 moenia
787 490 1030 542 exercitu
1061 491 1431 557 circumvenit,
1457 491 1654 559 legatis
1678 492 1912 559 imperat
1937 490 2027 544 ubi

321 565 551 633 quisque
581 569 817 618 curaret.
883 566 1098 619 Deinde
1128 567 1283 634 signo
1308 567 1438 621 dato
1464 567 1704 635 undique
1734 566 1893 619 simul
1924 566 2026 619 cla-

320 657 441 693 mor
469 642 661 707 ingens
686 642 878 709 oritur,
899 660 1074 710 neque
1100 660 1168 695 ea
1190 659 1280 695 res
1306 643 1574 695 Numidas
1597 646 1801 707 terret3
1836 642 2027 696 infensi

320 716 629 785 intentique
678 718 795 771 sine
842 718 1082 771 tumultu
1128 723 1382 784 manent3
1441 719 1709 788 proelium
1756 718 2025 787 incipitur.

325 792 571 858 Romani,
612 811 711 864 pro
749 795 965 863 ingenio
1004 796 1247 863 quisque,
1288 812 1416 863 pars
1456 796 1665 848 eminus
1700 794 1900 863 glande
1933 808 2028 846 aut,

322 868 600 938 lapidibus
623 888 881 939 pugnare,
918 871 1010 924 alii
1042 872 1331 924 succedere
1356 889 1419 925 ae
1444 888 1660 925 murum
1685 871 1847 925 modo
1873 870 2022 923 suffe

325 945 476 1014 dere,
501 947 660 998 modo
693 948 846 1001 scalis
880 948 1124 1016 aggredi,
1153 965 1354 1016 cupere
1394 948 1661 1017 proelium
1691 947 1747 1000 in
1780 946 2028 999 manibus

323 1022 520 1076 facere.
592 1027 795 1076 Contra
830 1041 895 1077 ea
933 1025 1191 1094 oppidani
1223 1025 1276 1076 in
1306 1040 1602 1093 proxumos
1637 1040 1768 1076 saxa
1797 1023 2030 1090 volvere,

324 1098 491 1161 sudiS,
517 1099 642 1168 pila,
667 1104 957 1166 praeterea
981 1101 1155 1169 picem
1184 1104 1243 1153 et
1268 1100 1528 1168 sulphure
1553 1099 1774 1153 taedam
1800 1099 2028 1152 mixtam

322 1174 540 1227 ardenti
567 1176 801 1230 mittere.
874 1177 986 1230 Sed
1020 1194 1089 1230 ne
1122 1177 1243 1229 illos
1276 1176 1499 1244 quidem
1531 1176 1625 1244 qui
1658 1176 1845 1245 procul
1878 1191 2028 1227 man-

321 1255 506 1303 serant
525 1251 688 1305 timor
705 1253 868 1306 animi
889 1254 1022 1307 satis
1040 1254 1347 1305 muniverat
1364 1275 1375 1315 ;
1400 1269 1525 1305 nam
1545 1253 1834 1321 plerosque
1844 1251 2027 1319 jacula

322 1329 610 1380 tormentis
650 1333 746 1382 aut
784 1347 949 1384 manu
988 1332 1187 1384 emissa
1218 1330 1590 1400 volnerabaqt,
1626 1330 1851 1398 parique
1888 1327 2028 1396 peri-

319 1403 461 1467 cu10‚
488 1405 589 1457 sed
613 1404 758 1458 fama
781 1406 975 1475 impari
1001 1406 1128 1459 boni
1155 1410 1321 1474 atque
1346 1406 1526 1472 ignavi
1553 1409 1724 1459 erant.

427 1486 509 1532 58.
560 1481 704 1533 Dum
729 1483 875 1550 apud
902 1483 1123 1536 Zamam
1150 1483 1225 1536 sic
1251 1487 1508 1548 certatur,
1534 1482 1572 1534 J
1574 1482 1810 1550 ugurtha
1834 1498 1899 1534 ex
1927 1482 2025 1536 im-

320 1557 539 1624 proviso
577 1561 758 1610 castra
796 1558 1030 1611 hostium
1074 1576 1195 1612 cum
1234 1575 1430 1626 magna
1466 1576 1631 1612 manu
1664 1559 1901 1622 invadit3
1942 1575 2025 1612 re-

320 1633 501 1684 missis
538 1634 631 1700 qui
682 1635 738 1686 in
790 1636 1065 1703 praesidio
1108 1640 1281 1702 erant,
1334 1639 1392 1688 et
1440 1636 1621 1689 omnia
1655 1636 1826 1702 magis
1860 1653 2023 1702 quam

319 1709 586 1777 proelium
625 1712 1086 1779 exspectantibus,
1126 1716 1342 1782 portam
1381 1712 1648 1780 irrumpit.
1735 1714 1814 1764 At
1852 1712 2024 1765 nostri

320 1788 607 1856 repentino
642 1792 795 1842 metu
829 1789 1065 1856 perculsi
1103 1790 1203 1842 sibi
1240 1790 1468 1858 quisque
1503 1807 1603 1859 pro
1636 1789 1876 1842 moribus
1901 1805 2025 1841 con-

320 1863 537 1928 sulunt;
562 1865 652 1917 alii
672 1865 877 1932 fugere,
892 1865 982 1918 alii
1000 1883 1153 1918 arma
1173 1882 1381 1935 capere,
1401 1882 1599 1933 magna
1617 1882 1744 1934 pars
1759 1864 2024 1917 volnerati

320 1944 419 1992 aut
449 1940 627 1994 occisi.
700 1941 959 1995 Ceterum
995 1959 1063 1994 ex
1092 1943 1235 1994 omni
1268 1941 1621 1994 multitudine
1653 1959 1758 1993 non
1793 1940 2024 2007 amplius

321 2015 701 2085 quadraginta,
755 2035 1023 2071 memores
1070 2017 1303 2070 nominis
1359 2017 1607 2084 Romani,
1660 2033 1828 2084 grege
1881 2016 2024 2069 facto

321 2093 499 2146 locum
541 2110 736 2162 cepere
782 2093 945 2161 paulo
985 2110 1148 2161 quam
1187 2093 1279 2146 alii
1327 2093 1630 2160 editiorem,
1673 2108 1848 2160 neque
1897 2091 2024 2145 inde

321 2185 579 2222 maxuma
616 2170 669 2222 vi
709 2169 911 2238 depelli
951 2170 1259 2237 quiverunt,
1300 2168 1400 2222 sed
1446 2169 1559 2222 tela
1606 2169 1815 2222 eminus
1862 2169 2027 2222 missa

322 2246 624 2313 remittere,
658 2245 815 2314 pauci
853 2243 908 2297 in
953 2245 1200 2313 pluribus
1239 2246 1418 2298 minus
1455 2244 1738 2309 frustrati;
1788 2245 1870 2297 sin
1910 2245 1958 2296 N
1966 2263 2026 2297 u-

321 2321 506 2374 midae
538 2322 763 2389 propius
795 2322 1165 2388 accessissent,
1192 2320 1267 2373 ibi
1293 2338 1421 2373 vero
1446 2321 1708 2374 virtutem
1737 2321 2025 2374 ostendere

322 2403 382 2450 et
420 2413 513 2450 eos
542 2413 798 2450 maxuma
825 2397 877 2449 vi
916 2397 1161 2464 caedere,
1197 2397 1428 2449 fundere
1460 2400 1627 2464 atque
1656 2396 1861 2465 fugare.
1937 2398 2026 2449 Ir-

321 2473 486 2526 tcrim
521 2474 778 2527 Metellus
818 2490 984 2542 quum
1025 2490 1307 2527 acerrume
1333 2490 1450 2526 rem
1475 2478 1709 2541 gereret,
1735 2473 2024 2526 clamorem

320 2549 574 2603 hostilem
607 2549 677 2603 ab
710 2556 868 2618 tergo
901 2550 1142 2619 accepit;
1178 2550 1303 2602 dein
1331 2566 1589 2602 convorso
1620 2566 1761 2617 equo
1786 2550 2025 2602 animad-

320 2627 492 2680 vortit
537 2627 722 2694 fugam
769 2626 842 2679 ad
885 2643 943 2679 se
983 2643 1200 2678 vorsum
1253 2626 1384 2692 fieri,
1424 2643 1566 2693 quae
1615 2643 1704 2679 res
1752 2626 2026 2678 indicabat

319 2702 597 2771 popularis
622 2720 754 2756 esse.
823 2703 1004 2770 Igitur
1034 2703 1340 2771 equitatum
1364 2718 1579 2755 omnem
1604 2702 1676 2755 ad
1701 2706 1878 2754 castra
1902 2718 2026 2768 pro-

320 2796 453 2848 pere
472 2779 635 2847 misit,
651 2796 713 2833 ac
730 2780 916 2833 statim
944 2779 1000 2832 G.
1023 2779 1257 2832 Marium
1276 2795 1399 2832 eum
1416 2778 1730 2832 cohortibus
1746 2778 2026 2846 sociorum,

321 2872 556 2925 eumque
590 2856 894 2909 lacrumans
927 2873 1026 2924 per
1053 2855 1342 2908 amicitiam
1374 2872 1585 2923 perque
1611 2872 1726 2908 rem
1756 2854 2026 2922 publicam

321 2932 587 2999 obsecrat,
627 2950 695 2985 ne
735 2949 898 3000 quam
939 2931 1319 2985 contumeliam
1363 2948 1645 2983 remancre
1684 2931 1741 2983 in
1779 2931 2027 2985 exercitu

320 3008 541 3073 victore,
568 3026 704 3062 neve
730 3008 903 3061 hostis
929 3008 1127 3060 inultos
1154 3008 1304 3061 abire
1330 3007 1487 3060 sinat.
1563 3007 1664 3060 Ille
1693 3007 1843 3060 brevi
1879 3024 2028 3059 man-

321 3084 454 3139 data
492 3086 670 3138 efficit.
749 3088 829 3137 At
876 3084 912 3136 J
917 3083 1155 3151 ugurtha
1201 3083 1536 3136 munimento
1583 3088 1885 3137 castrorum
1932 3084 2029 3135 im-

319 3161 555 3230 peditus,
581 3177 750 3228 quum
776 3159 866 3212 alii
893 3176 1056 3227 super
1085 3159 1284 3212 vallum
1318 3158 1827 3227 praecipitarentur,
1853 3158 1945 3210 alii
1970 3158 2027 3209 in

321 3236 592 3306 angustiis
614 3237 717 3305 ipsi
742 3236 843 3289 sibi
877 3237 1237 3303 properantes
1268 3235 1563 3298 officerent,
1596 3233 1783 3287 multis
1812 3230 2027 3283 amissis
