2269 3561
271 198 302 246 2
773 197 830 246 C.
869 197 1219 246 SALLUSTI
1253 198 1489 247 CRISPI

270 291 373 344 pro
404 272 595 330 labore
629 275 856 344 desidia,
890 294 992 347 pro
1017 278 1354 332 continentia
1386 282 1445 333 et
1476 278 1760 348 aequitate
1791 278 1983 334 lubido

270 354 440 420 atque
464 352 722 421 superbia
745 353 1006 419 invasere,
1031 355 1254 408 fortuna
1286 354 1447 408 simul
1472 372 1595 408 cum
1620 356 1861 411 moribus
1884 356 1984 409 im-

271 430 534 481 mutatur.
607 428 700 481 Ita
731 428 1022 496 imperium
1058 446 1278 499 semper
1302 430 1374 483 ad
1400 435 1684 498 optumum
1711 449 1983 500 quemque

272 521 305 556 a
339 504 520 577 minus
553 503 696 558 bono
734 506 1080 561 transfertur.
1156 506 1308 570 Quae
1343 507 1591 560 homines
1626 511 1801 574 arant,
1838 509 1985 561 navi-

271 583 420 649 gant,
452 580 760 646 aedificant,
786 581 980 634 virtuti
1013 583 1193 636 omnia
1227 587 1440 651 parent.
1514 584 1625 638 Sed
1659 584 1818 636 multi
1841 600 1985 637 mor-

273 656 413 709 tales
438 656 613 710 dediti
637 657 817 710 ventri
843 661 1008 726 atque
1034 675 1238 726 somno,
1258 659 1466 712 indocti
1492 660 1793 727 incultique
1816 661 1983 713 vitam

274 732 434 786 sicuti
470 733 885 802 peregrinantes
923 735 1221 799 transiere3
1270 731 1469 804 quibus
1510 737 1753 804 profecto
1796 739 1984 790 contra

273 811 529 862 naturam
553 826 750 878 corpus
774 810 1061 880 voluptati,
1097 812 1278 864 anima
1303 813 1454 864 oneri
1478 812 1596 866 fuit.
1658 813 1858 865 Eorum
1883 828 1985 880 ego

273 885 442 938 vitam
477 889 818 954 mortemque
848 887 1012 954 juxta
1050 890 1313 954 aestumo,
1351 888 1607 955 quoniam
1645 889 1715 941 de
1751 893 1984 957 utraque

275 961 483 1015 siletur.
553 961 760 1015 Verum
799 962 1074 1016 enimvero
1107 963 1155 1015 is
1190 963 1412 1017 demum
1441 964 1575 1016 mihi
1600 965 1784 1018 vivere
1816 968 1983 1032 atque

275 1037 383 1090 frui
406 1038 586 1091 anima
609 1038 844 1105 videtur,
871 1040 965 1107 qui
990 1039 1173 1108 aliquo
1199 1039 1419 1106 negotio
1448 1040 1695 1094 intentus
1718 1039 1985 1108 praeclari

276 1113 530 1168 facinoris
554 1119 652 1168 aut
675 1115 810 1168 artis
835 1115 1010 1170 bonae
1033 1118 1237 1170 famam
1263 1117 1495 1183 quaerit.
1568 1116 1678 1170 Sed
1707 1118 1763 1169 in
1788 1132 1986 1184 magna

277 1191 431 1258 copia
454 1208 640 1244 rerum
664 1191 814 1245 aliud
838 1192 929 1245 alii
954 1197 1154 1247 natura
1178 1193 1289 1246 iter
1313 1192 1573 1246 ostendit.

382 1273 429 1321 3.
503 1267 795 1321 Pulchrum
845 1273 931 1323 est
980 1269 1118 1322 bene
1167 1269 1349 1322 facere
1397 1268 1479 1321 rei
1516 1268 1780 1337 publicae,
1819 1268 1987 1322 etiam

278 1343 418 1397 bene
443 1343 628 1398 dicere
660 1345 808 1398 haud
833 1345 1130 1399 absurdum
1158 1349 1273 1410 est3
1309 1345 1394 1398 vel
1428 1361 1563 1413 pace
1595 1344 1681 1398 vel
1716 1344 1859 1397 bello
1883 1344 1989 1397 cla-

281 1437 397 1473 rum
424 1421 545 1473 fieri
569 1422 697 1474 licet
718 1443 730 1487 ;
768 1425 826 1475 et
851 1422 944 1488 qui
970 1422 1165 1488 fecere,
1192 1425 1251 1475 et
1276 1422 1370 1489 qui
1399 1422 1544 1474 facta
1570 1421 1798 1473 aliorum
1824 1421 1989 1489 scrip-

281 1512 414 1562 sere,
440 1496 599 1549 multi
633 1497 942 1549 laudantur.
1020 1499 1105 1550 Ac
1132 1497 1265 1549 mihi
1290 1496 1528 1564 quidem,
1563 1497 1783 1548 tametsi
1815 1496 1987 1548 haud-

280 1588 550 1638 quaquam
597 1588 699 1640 par
745 1573 919 1640 gloria
967 1573 1215 1640 sequitur
1258 1571 1583 1639 scriptorem
1638 1575 1697 1624 et
1744 1574 1988 1625 actorem

285 1664 479 1712 rerum,
505 1650 690 1700 tamen
714 1649 771 1702 in
802 1649 994 1716 primis
1024 1647 1256 1701 arduum
1282 1647 1501 1700 videtur
1533 1663 1623 1701 res
1651 1651 1837 1716 gestas
1862 1647 1990 1701 scri-

283 1721 442 1788 bere3
475 1725 711 1792 primum
745 1724 893 1793 quod
927 1725 1073 1777 facta
1109 1724 1273 1776 dictis
1311 1723 1665 1792 exaequanda
1700 1727 1857 1790 sunt3
1894 1723 1988 1777 de-

284 1799 407 1853 hinc
430 1801 557 1867 quia
590 1802 850 1870 plerique,
885 1819 1025 1869 quae
1058 1801 1259 1855 delicta
1287 1801 1722 1869 reprehenderis,
1756 1801 1990 1854 malevo-

283 1876 453 1929 lentia
477 1889 536 1930 et
558 1877 764 1930 invidia
794 1877 946 1931 dicta
977 1882 1205 1947 putant;
1241 1878 1335 1931 ubi
1368 1877 1438 1931 de
1468 1894 1665 1944 magna
1695 1878 1903 1931 virtute
1931 1881 1990 1932 et

283 1954 456 2022 gloria
477 1954 743 2007 bonorum
773 1971 1056 2022 memoreS,
1084 1972 1224 2023 quae
1251 1955 1353 2008 sibi
1379 1955 1611 2023 quisque
1635 1953 1816 2006 facilia
1838 1953 1990 2006 factu

283 2035 457 2099 putat,
484 2047 659 2100 aequo
684 2032 864 2085 animo
899 2033 1109 2101 accipit,
1136 2048 1301 2100 supra
1325 2048 1390 2084 ea
1413 2030 1584 2084 veluti
1618 2030 1746 2083 ficta
1768 2045 1868 2097 pro
1892 2029 1989 2081 fal-

285 2108 359 2161 sis
384 2108 551 2162 ducit.
613 2107 725 2162 Sed
750 2126 852 2177 ego
877 2107 1318 2161 adulescentulus
1342 2107 1516 2175 initio,
1542 2107 1704 2159 sicuti
1726 2105 1988 2174 plerique,

248 2223 251 2226 A
286 2185 466 2238 studio
502 2186 575 2239 ad
610 2203 728 2239 rem
764 2186 1036 2254 publicam
1071 2184 1217 2237 latus
1255 2200 1391 2251 sum,
1431 2183 1618 2251 ibique
1652 2182 1783 2234 mihi
1817 2182 1990 2234 multa

285 2262 517 2315 advorsa
553 2263 719 2316 fuere.
794 2263 938 2315 Nam
973 2277 1072 2329 pro
1110 2260 1333 2328 pudore,
1368 2276 1468 2328 pro
1504 2259 1851 2324 abstinentia,
1888 2274 1988 2325 pro

286 2339 503 2404 virtute,
529 2338 770 2404 audacia,
805 2338 1040 2405 largitio,
1069 2336 1299 2389 avaritia
1331 2335 1603 2403 vigebant.
1680 2336 1829 2399 Quae
1854 2337 1990 2387 tam-

287 2414 391 2467 etsi
438 2414 648 2467 animus
703 2413 1101 2482 aspernabatur
1154 2411 1391 2464 insolens
1449 2413 1712 2465 malarum
1771 2410 1987 2474 artium,

285 2494 470 2544 tamen
505 2490 652 2543 inter
686 2493 842 2543 tanta
876 2489 1008 2542 vitia
1043 2487 1313 2541 imbecilla
1351 2491 1503 2541 aetas
1542 2487 1837 2540 ambitione
1875 2502 1983 2538 cor-

287 2569 450 2635 rupta
481 2566 804 2630 tenebatur3
841 2582 902 2618 ac
939 2582 1042 2631 me,
1078 2581 1246 2633 quum
1276 2564 1346 2616 ab
1380 2564 1608 2632 reliquis
1642 2563 1799 2615 malis
1828 2560 1991 2613 mori-

286 2643 390 2696 bus
415 2641 777 2706 dissentirem,
803 2640 970 2694 nihilo
995 2641 1176 2693 minus
1199 2639 1419 2693 honoris
1443 2639 1642 2708 cupido
1667 2637 1858 2691 eadem
1883 2653 1991 2705 qua

288 2722 500 2772 ceteros
524 2717 669 2770 fama
692 2720 860 2784 atque
885 2716 1092 2769 invidia
1115 2716 1366 2769 vexabat.

391 2801 442 2848 4.
516 2794 697 2863 Igitur
728 2793 821 2846 ubi
845 2794 1055 2845 animus
1089 2810 1159 2846 ex
1188 2792 1375 2845 multis
1399 2791 1631 2844 miseriis
1656 2793 1825 2858 atque
1850 2790 1992 2858 peri-

289 2872 425 2927 culis
456 2872 742 2941 requievit,
773 2874 831 2924 et
865 2870 1001 2922 mihi
1033 2870 1304 2938 reliquam
1341 2872 1578 2921 aetatem
1613 2884 1646 2920 a
1677 2884 1738 2921 re
1774 2866 1993 2935 publica.

287 2950 474 3019 procul
511 2947 816 3001 habendam
855 2946 1084 3011 decrevi,
1121 2962 1227 2998 non
1263 2946 1367 2998 fuit
1415 2944 1697 2997 consilium
1746 2942 1994 2997 secordia

290 3031 456 3094 atque
481 3025 693 3078 desidia
717 3024 916 3077 bonum
938 3024 1107 3076 otium
1127 3025 1426 3088 conterere,
1449 3037 1626 3087 neque
1645 3037 1774 3073 vero
1800 3037 1993 3089 agrum

290 3102 514 3156 colendo
538 3106 634 3155 aut
659 3100 905 3153 venando
931 3098 1219 3151 servilibus
1243 3098 1431 3150 officiis
1454 3098 1725 3151 intentum
1751 3102 1993 3152 aetatem

290 3195 489 3245 agere3
526 3176 624 3231 sed
661 3192 694 3230 a
730 3192 838 3242 quo
873 3176 1090 3243 incepto
1128 3173 1422 3241 studioque
1459 3191 1548 3228 me
1589 3174 1815 3228 ambitio
1851 3175 1997 3228 mala

291 3254 615 3324 detinuerat,
640 3252 834 3308 eodem
859 3267 1141 3321 regressus
1165 3251 1334 3305 statui
1358 3267 1447 3305 res
1463 3254 1651 3319 gestas
1674 3252 1860 3321 populi
1889 3252 1996 3305 Ro-
