2269 3561
256 197 317 243 58
751 198 804 245 C.
843 192 1190 245 SALLUSTI
1225 193 1459 243 CRISPI

251 288 471 329 carcere
503 276 684 330 necati
717 279 859 328 sunt.
947 274 1254 342 Utriusque
1291 272 1459 326 cladis
1491 289 1597 326 non
1632 272 1737 337 lex,
1768 288 1955 325 verum

252 350 439 405 lubido
470 368 660 406 eorum
697 352 860 404 finem
893 351 1037 405 fecit.
1124 351 1235 404 Sed
1269 368 1399 404 sane
1440 351 1605 404 fuerit
1637 351 1791 417 regui
1836 368 1960 419 par-

251 428 364 481 atio
396 427 543 496 plebi
564 445 661 480 sua
678 428 1000 488 restituere;
1030 427 1293 495 quicquid
1323 427 1445 479 sine
1470 427 1733 493 sanguine
1761 427 1956 480 civium

250 504 434 557 ulcisci
480 504 754 572 nequitur,
795 502 924 571 jure
967 504 1173 556 factum
1217 503 1302 555 sit.
1376 502 1758 570 Superioribus
1803 505 1958 556 annis

252 579 406 634 taciti
441 580 869 647 indignabamini
908 580 1178 632 aerarium
1214 579 1455 647 expilari,
1493 596 1654 646 reges
1691 585 1752 633 et
1786 597 1961 649 popu-

252 656 331 710 los
380 656 583 710 liberos
633 657 820 724 paucis
871 655 1144 708 nobilibus
1196 656 1428 722 vectigal
1479 655 1738 723 pendere,
1788 672 1958 723 penes

251 733 472 786 eosdem
505 737 563 785 et
596 749 862 785 summam
894 732 1123 800 gloriam
1154 735 1215 785 et
1245 748 1528 784 maxumas
1558 731 1778 785 divitias
1808 750 1956 796 esse3

252 814 435 862 tamen
487 809 621 862 haee
670 809 803 862 talia
848 809 1089 861 facinora
1138 809 1360 877 impune
1415 808 1714 876 suscepisse
1762 825 1958 876 parum

251 884 507 950 habuere,
552 886 739 954 itaque
786 889 1066 953 postremo
1104 886 1266 952 leges,
1322 882 1586 951 majestas
1622 889 1821 948 vostra,
1879 885 1960 937 di·

250 962 375 1014 vina
403 965 460 1015 et
494 961 730 1015 humana
777 961 959 1013 omnia
1000 960 1251 1014 hostibus
1300 960 1510 1014 tradita
1551 964 1691 1014 sunt.
1764 960 1960 1029 Neque

252 1055 344 1091 eos
381 1038 464 1106 qui
502 1055 567 1090 ea
596 1038 776 1091 fecere
809 1036 985 1105 pudet
1014 1042 1109 1090 aut
1144 1032 1404 1105 poenitet,
1430 1036 1529 1089 sed
1563 1036 1825 1089 incedunt
1858 1054 1959 1105 per

252 1131 347 1167 ora
393 1117 577 1166 vostra
631 1113 918 1181 magnifici,
980 1113 1285 1166 sacerdotia
1341 1115 1399 1165 et
1450 1112 1778 1177 consulatuS,
1829 1130 1959 1181 pars

252 1190 555 1258 triumphos
600 1206 725 1243 suos
771 1193 1126 1255 ostentantes,
1184 1188 1416 1257 proinde
1464 1189 1618 1256 quasi
1652 1206 1717 1242 ea
1751 1190 1958 1256 honori,

251 1283 357 1320 non
400 1266 638 1335 praedae
684 1266 935 1319 habeant.
1027 1265 1181 1319 Servi
1218 1281 1345 1318 aere
1387 1264 1567 1332 parati
1613 1264 1819 1333 injusta
1864 1268 1961 1319 im—

252 1344 405 1411 peria
428 1342 769 1395 dominorum
800 1358 906 1394 non
941 1341 1258 1411 perferunt;
1293 1358 1403 1407 vos,
1440 1341 1697 1407 Quirites,
1730 1343 1958 1410 imperio

251 1420 366 1472 nati
417 1435 591 1485 aequo
632 1418 810 1471 animo
862 1418 1186 1471 servitutem
1230 1418 1493 1471 toleratis.
1579 1422 1659 1471 At
1692 1419 1785 1487 qui
1830 1428 1959 1472 sunt

252 1494 323 1561 hi,
369 1495 463 1562 qui
507 1511 624 1547 rem
661 1492 936 1562 publicam
974 1496 1342 1562 occupavere?
1417 1494 1684 1548 Homines
1731 1496 1960 1548 scelera-

253 1570 482 1636 tissumi‚
509 1571 748 1623 eruentis
773 1571 1036 1636 manibus,
1057 1570 1279 1623 immani
1305 1571 1546 1636 avaritia,
1571 1573 1959 1625 nocentissumi

252 1646 531 1715 iidemque
557 1646 963 1714 superbissumi,
1002 1646 1123 1714 quis
1160 1646 1313 1712 fides,
1354 1646 1536 1713 decus,
1574 1649 1768 1714 pietaS,
1808 1654 1960 1717 post-

253 1740 404 1776 remo
451 1722 679 1775 honesta
725 1725 891 1791 atque
940 1722 1228 1776 inhonesta
1279 1725 1460 1775 omnia
1507 1726 1757 1794 quaestui
1815 1729 1959 1778 sunt.

259 1802 392 1853 Pars
431 1817 618 1853 eorum
658 1800 917 1853 occidisse
958 1800 1207 1852 tribunos
1251 1799 1443 1868 plebis,
1481 1801 1573 1853 alii
1613 1802 1959 1869 quaestiones

253 1878 500 1945 injustas,
553 1876 798 1944 plerique
849 1875 1073 1928 caedem
1123 1876 1180 1927 in
1238 1892 1332 1928 vos
1379 1877 1584 1941 fecisse,
1636 1894 1737 1945 pro
1788 1879 1961 1931 muni-

253 1958 440 2007 mento
478 1953 698 2006 habent.
772 1953 864 2005 Ita
904 1969 1066 2019 quam
1105 1951 1336 2018 quisque
1374 1968 1628 2020 pessume
1663 1954 1809 2021 feeit,
1843 1957 1958 2007 tam

255 2047 507 2083 maxume
541 2033 695 2083 tutus
731 2031 844 2093 est;
900 2032 1106 2081 metum
1142 2044 1175 2080 a
1214 2027 1419 2081 scelere
1453 2046 1550 2082 suo
1583 2029 1656 2082 ad
1688 2030 1958 2097 ignaviam

256 2115 491 2160 vostram
525 2105 889 2170 transtulere;
926 2121 1061 2173 quos
1091 2104 1267 2156 omnis
1301 2105 1491 2157 eadem
1523 2122 1738 2174 cupere,
1763 2106 1959 2160 eadem

256 2183 448 2250 odisse,
473 2182 667 2235 eadem
696 2184 943 2234 metuere
968 2181 1023 2233 in
1053 2196 1220 2231 unum
1251 2181 1444 2247 coegit.
1519 2181 1632 2234 Sed
1657 2183 1790 2235 haee
1814 2183 1960 2236 inter

256 2261 424 2312 bonos
449 2259 701 2324 amicitia,
736 2259 881 2310 inter
918 2256 1088 2309 malos
1125 2256 1288 2309 factio
1322 2260 1420 2310 est.
1494 2257 1699 2321 Quodsi
1726 2267 1837 2311 tam
1862 2275 1960 2312 vos

255 2336 525 2389 libertatis
568 2351 752 2387 curam
791 2333 1065 2387 haberetis
1105 2350 1267 2399 quam
1313 2333 1390 2386 illi
1424 2334 1497 2387 ad
1535 2334 1959 2389 dominationem

254 2411 464 2465 accensi
504 2415 646 2475 sunt,
691 2410 938 2478 profecto
982 2426 1160 2477 neque
1199 2427 1286 2462 res
1328 2410 1560 2478 publiea,
1604 2412 1761 2465 sicuti
1799 2429 1958 2478 nune,

254 2492 577 2553 vastaretur,
604 2491 662 2540 et
685 2485 950 2539 beneficia
964 2494 1150 2538 vostra
1175 2503 1340 2554 penes
1367 2492 1635 2556 optumos,
1661 2505 1768 2540 non
1792 2488 1959 2541 auda-

254 2566 517 2619 cissumos
541 2564 734 2616 forent.
807 2563 1047 2629 Majores
1069 2563 1237 2615 vostri
1262 2565 1491 2631 parandi
1511 2564 1655 2632 juris
1680 2571 1738 2618 et
1763 2567 1960 2632 majes-

255 2641 387 2696 tatis
426 2639 840 2693 constituendae
877 2639 1058 2706 gratia
1098 2638 1181 2692 bis
1226 2656 1325 2708 per
1366 2641 1721 2693 secessionem
1763 2641 1958 2694 armati

257 2718 594 2770 Aventinum
620 2732 964 2782 occupavere,
993 2731 1085 2766 vos
1121 2732 1221 2782 pro
1258 2715 1514 2769 libertate
1552 2734 1712 2785 quam
1749 2717 1818 2770 ab
1852 2718 1960 2770 illis

256 2793 540 2860 accepistis
566 2809 670 2844 non
697 2808 906 2843 summa
930 2808 1033 2859 ope
1058 2791 1308 2843 nitemini
1330 2793 1348 2844 2
1386 2797 1553 2860 atque
1584 2811 1647 2847 eu
1672 2795 1961 2847 vehemen-

255 2871 381 2935 tius,
404 2886 512 2937 quo
537 2868 715 2935 majus
736 2868 975 2921 dedecus
995 2870 1080 2920 est
1105 2871 1265 2934 parta
1283 2869 1537 2922 amittere
1557 2887 1720 2938 quam
1741 2871 1960 2923 omnino

255 2962 364 2998 non
414 2945 701 3013 paravisse.
788 2944 975 3014 [Dicet
1023 2942 1268 3011 aliquis]:
1327 2946 1472 3008 Quid
1519 2947 1688 3013 igitur
1736 2949 1960 3001 censes?

259 3020 661 3073 Vindicandum
688 3021 741 3072 in
768 3038 874 3083 eOS,
901 3021 993 3088 qui
1027 3019 1172 3071 hosti
1206 3021 1498 3087 prodidere
1529 3041 1642 3076 rem
1672 3023 1959 3092 publicam,

257 3113 364 3149 non
403 3113 567 3148 manu
601 3112 778 3160 neque
804 3097 868 3162 vi,
906 3096 1052 3164 quod
1093 3097 1266 3163 magis
1291 3114 1384 3150 vos
1423 3100 1613 3153 fecisse
1650 3117 1814 3168 quam
1852 3100 1961 3154 illis

259 3171 518 3224 accidisse
556 3171 838 3237 indignum
873 3179 971 3236 est,
1001 3188 1187 3223 verum
1226 3175 1631 3238 quaestionibus
1667 3181 1724 3229 et
1760 3177 1962 3231 indicio

256 3246 425 3314 ipsius
459 3245 497 3297 J
502 3246 801 3312 ugurthae3
838 3247 930 3314 qui
966 3247 1010 3299 si
1050 3245 1341 3300 dediticius
1377 3254 1475 3316 est,
1511 3253 1760 3319 profecto
1788 3252 1962 3322 jussis
