2269 3561
273 204 302 250 ⁶
772 202 826 247 O.
864 199 1209 248 SALLUSTI
1244 199 1480 246 CRISPI

271 282 477 337 habere
497 284 730 336 edocuit.
785 279 1031 335 Ambitio
1046 281 1248 334 multos
1262 281 1507 334 mortalis
1523 280 1689 335 falsos
1707 280 1828 334 fieri
1849 280 1973 334 sub-

271 360 400 427 egit,
441 359 592 412 aliud
630 359 873 412 clausum
907 357 964 410 in
997 361 1236 425 pectore,
1270 357 1415 409 aliud
1449 357 1505 410 in
1535 357 1722 424 lingua
1756 375 1974 426 promp-

272 440 392 488 tum
425 435 647 502 habere,
685 434 956 502 amicitias
989 434 1412 502 inimicitiasque
1442 450 1547 486 non
1577 450 1645 486 ex
1680 451 1754 501 re,
1783 434 1881 487 scd
1906 452 1974 487 ex

179 542 186 551 ·
271 512 556 565 commodo
589 515 915 576 aestumare,
948 512 1232 579 magisque
1257 511 1466 563 voltum
1499 528 1664 579 quam
1696 510 1973 578 ingenium

271 588 475 640 bonum
507 588 725 642 habere.
801 589 956 642 Haec
988 589 1163 656 primo
1200 587 1463 655 paulatim
1505 603 1767 652 crescere,
1806 588 1974 640 inter-

271 664 403 716 dum
436 664 733 729 vindicari3
771 668 921 733 post„
948 664 1041 717 ubi
1075 664 1325 731 contagio
1360 663 1517 732 quasi
1548 663 1864 732 pestilentia
1893 665 1974 717 in-

271 741 430 806 vasit,
465 741 655 794 civitas
690 741 993 805 immutata,
1026 741 1315 809 imperium
1350 758 1418 793 ex
1450 740 1778 808 justissumo
1806 746 1973 809 atque

271 819 496 884 optumo
520 818 742 871 crudele
766 817 1282 884 intolerandumque
1308 817 1528 870 factum.

379 898 456 946 11.
531 893 642 947 Sed
672 895 848 963 primo
874 895 1046 962 magis
1071 893 1298 946 ambitio
1324 910 1486 960 quam
1513 895 1745 948 avaritia
1768 894 1974 948 animos

271 967 552 1022 hominum
590 970 899 1036 exercebat,
932 970 1080 1038 quod
1120 974 1305 1023 tamen
1331 970 1524 1022 vitium
1556 972 1781 1039 propius
1806 972 1974 1024 virtu-

271 1049 386 1099 tem
406 1050 540 1101 erat.
616 1048 757 1100 Nam
781 1048 1025 1114 gloriam,
1052 1048 1328 1112 honorem,
1354 1046 1646 1115 imperium
1672 1047 1845 1101 bonus
1870 1047 1973 1116 [et]

271 1121 500 1190 ignavus
535 1140 709 1193 aeque
745 1123 849 1177 sibi
887 1128 1187 1193 exoptant3
1225 1124 1323 1177 sed
1358 1123 1449 1175 ille
1487 1139 1617 1176 vera
1641 1124 1729 1177 via
1763 1125 1970 1192 nititur,

271 1197 397 1253 111110
422 1200 550 1268 quia
573 1200 749 1255 bonae
781 1205 930 1255 artes
963 1201 1178 1267 desunt,
1217 1200 1357 1253 dolis
1392 1204 1560 1268 atque
1592 1200 1821 1253 fallaciis
1850 1218 1970 1254 con-

272 1275 467 1328 tendit.
543 1278 796 1331 Avaritia
827 1278 1088 1346 pecuniae
1119 1277 1362 1329 studium
1395 1275 1579 1340 habet,
1615 1293 1778 1345 quam
1814 1294 1972 1330 nemo

272 1353 491 1419 sapiens
511 1355 818 1421 concupivit
840 1377 852 1419 ;
889 1372 956 1407 ea
971 1354 1122 1422 quasi
1142 1354 1361 1406 venenis
1380 1353 1535 1405 malis
1551 1353 1762 1406 imbuta
1777 1370 1972 1422 corpus

271 1428 621 1495 animumque
637 1430 849 1483 virilem
866 1430 1158 1497 effeminat,
1170 1446 1385 1497 semper
1402 1430 1629 1495 infinita,
1649 1430 1973 1483 insatiabilis

272 1501 419 1570 [est],
461 1520 639 1571 neque
681 1506 837 1574 copia
874 1521 1054 1574 neque
1093 1506 1275 1572 inopia
1319 1505 1597 1557 minuitur.
1675 1505 1786 1558 Sed
1825 1510 1972 1572 post-

273 1595 434 1645 quam
461 1580 518 1632 L.
538 1580 699 1645 Sulla,
718 1582 884 1634 armis
909 1585 1133 1649 recepta
1152 1597 1214 1633 re
1233 1580 1466 1649 publica,
1485 1580 1641 1633 bonis
1666 1581 1836 1634 initiis
1860 1598 1972 1635 ma-

273 1654 352 1706 los
375 1659 604 1709 eventus
629 1656 834 1723 habuit,
860 1674 1055 1725 rapere
1080 1674 1283 1723 omnes,
1313 1656 1553 1723 trahere,
1572 1657 1792 1710 domum
1818 1658 1970 1724 alius,

272 1729 408 1784 alius
430 1748 589 1800 agros
612 1749 826 1801 cupere,
850 1750 1027 1802 neque
1052 1733 1274 1787 modum
1299 1749 1479 1801 neque
1513 1732 1837 1788 modestiam
1864 1735 1972 1789 vic-

272 1810 419 1860 tores
455 1808 675 1877 habere,
705 1810 865 1863 foeda
898 1810 1252 1878 crudeliaque
1285 1811 1341 1863 in
1381 1809 1589 1863 civibus
1627 1810 1869 1863 facinora
1894 1799 1972 1872 fa:

270 1900 405 1937 0010.
480 1885 605 1937 Η110
629 1886 924 1940 accedebat
948 1887 1096 1954 quod
1122 1886 1181 1939 L.
1208 1886 1359 1940 Sulla
1382 1886 1700 1951 exercitum,
1727 1904 1888 1955 quem
1914 1888 1971 1941 111

260 1961 406 2013 ‘Asia
435 1961 771 2030 ductaverat,
805 1980 913 2031 quo
952 1963 1055 2016 sibi
1091 1963 1263 2016 fidum
1294 1963 1513 2028 faceret,
1543 1967 1731 2016 contra
1760 1978 1970 2018 morem

269 2036 535 2104 majorum
567 2038 844 2093 luxuriose
882 2040 1154 2108 nimisque
1189 2038 1493 2093 liberaliter
1529 2038 1811 2106 habuerat,
1855 2040 1971 2094 loca

269 2129 507 2181 amoena,
532 2115 839 2184 voluptaria
869 2117 1025 2170 facile
1049 2118 1104 2169 in
1130 2116 1244 2169 otio
1274 2116 1469 2169 ferocis
1496 2115 1734 2169 militum
1758 2116 1968 2169 animos

269 2189 625 2245 molliverant.
699 2192 787 2245 Ibi
811 2194 1051 2260 primum
1084 2192 1321 2245 insuevit
1345 2192 1618 2245 exercitus
1646 2192 1832 2261 populi
1861 2192 1968 2246 Ro-

267 2266 413 2319 mani
443 2284 641 2335 amare,
666 2272 872 2336 potare,
907 2269 1073 2336 signa,
1114 2267 1331 2321 tabulas
1367 2269 1556 2336 pictaS,
1592 2285 1721 2321 vasa
1759 2268 1969 2322 caelata

268 2342 468 2410 mirari,
495 2360 561 2396 ea
582 2345 838 2412 privatim
864 2349 922 2398 et
946 2345 1164 2413 publice
1202 2360 1414 2412 rapere,
1449 2343 1681 2396 delubra
1715 2344 1965 2413 spoliare,

267 2435 420 2472 sacra
436 2420 774 2489 profanaque
793 2422 972 2473 omnia
993 2420 1252 2490 polluere.
1296 2421 1475 2487 Igitur
1500 2420 1554 2472 hi
1579 2420 1798 2485 militeS,
1817 2424 1966 2488 post-

267 2511 430 2562 quam
454 2496 733 2549 victoriam
774 2496 962 2564 adepti
1002 2500 1146 2563 sunt,
1183 2496 1314 2548 nihil
1354 2496 1549 2564 reliqui
1574 2496 1734 2549 victis
1772 2496 1965 2549 fecere.

268 2571 482 2639 Quippe
506 2571 775 2625 secundae
801 2589 888 2625 res
912 2572 1240 2641 sapientium
1266 2572 1473 2625 animos
1497 2571 1762 2639 fatigant3
1797 2589 1867 2625 ne
1890 2572 1966 2626 illi

264 2648 538 2716 corruptis
559 2649 801 2702 moribus
824 2648 1085 2703 victoriae
1108 2652 1497 2717 temperarent.

372 2729 449 2777 12.
525 2724 824 2792 Postquam
859 2725 1083 2779 divitiae
1116 2724 1308 2778 honori
1342 2741 1463 2778 esse
1496 2740 1740 2793 coepere,
1778 2729 1836 2779 et
1873 2742 1966 2779 eas

263 2797 454 2868 gloria,
490 2799 799 2869 imperium,
831 2801 1081 2869 potentia
1116 2800 1503 2870 sequebantur,
1534 2800 1829 2854 hebescere
1863 2802 1967 2854 vir-

264 2879 369 2942 tus,
413 2881 711 2946 paupertas
752 2875 953 2945 probro
995 2877 1202 2945 haberi,
1243 2877 1553 2929 innocentia
1595 2893 1695 2944 pro
1737 2878 1968 2930 malevo-

265 2950 439 3005 lentia
458 2952 583 3006 duci
609 2954 805 3021 coepit.
855 2953 1035 3019 Igitur
1060 2972 1126 3007 ex
1156 2953 1360 3006 divitiis
1378 2953 1728 3020 juventutem
1753 2953 1966 3007 luxuria

263 3030 432 3095 atque
472 3028 701 3095 avaritia
742 3046 864 3083 cum
908 3029 1162 3098 superbia
1203 3030 1476 3093 invasere3
1529 3045 1738 3095 rapere,
1781 3045 1967 3081 consu-

263 3119 446 3168 mere;
505 3120 602 3157 sua
655 3105 809 3173 parvi
861 3105 1119 3173 pendere,
1170 3105 1346 3158 aliena
1392 3121 1623 3172 cupere3
1681 3104 1964 3173 pudorem,

261 3178 598 3246 pudicitiam,
624 3180 808 3233 divina
835 3184 1004 3248 atque
1032 3181 1270 3234 humana
1296 3183 1617 3248 promiscua,
1641 3181 1777 3233 nihil
1808 3181 1966 3249 pensi

263 3272 438 3325 neque
484 3255 759 3311 moderati
806 3256 1022 3312 habere.
1112 3257 1326 3326 Operae
1371 3257 1610 3325 pretium
1652 3260 1754 3325 est,
1796 3273 1966 3326 quum
