2269 3561
981 213 1352 281 cA'I'IL1NA„
1390 190 1397 197 ’
1957 219 2017 265 23

303 293 518 347 ceteros
552 293 738 361 gladio
774 310 834 348 se
870 310 903 347 a
938 293 1296 348 multitudine
1332 295 1597 363 defendit,
1622 295 1821 350 deinde
1854 296 1951 350 ubi
1986 314 2021 352 a

303 367 503 436 legatis
533 368 787 423 desertus
819 373 920 437 est,
947 370 1123 424 multa
1154 371 1307 438 prius
1338 370 1410 425 de
1442 372 1619 425 salute
1647 388 1746 425 sua
1776 372 2020 441 Pompti-

303 460 435 497 num
461 445 786 513 obtestatus,
814 446 962 514 quod
982 446 1032 499 ei
1057 450 1220 500 notus
1246 451 1380 513 erat,
1405 452 1681 516 postremo
1705 447 1932 504 timidus
1957 467 2019 504 ac

302 520 450 574 vitae
475 521 729 576 diffidens
753 523 903 576 velut
927 522 1180 576 hostibus
1206 539 1326 576 sese
1349 523 1696 591 praetoribus
1721 524 1895 579 dedit.

408 603 490 652 46.
567 598 778 663 Quibus
809 599 972 652 rebus
1001 599 1265 654 confectis
1292 600 1474 653 omnia
1504 617 1737 670 propere
1761 618 1863 669 per
1884 619 2019 655 nun-

302 673 411 727 tios
446 674 653 727 consuli
691 673 1057 730 declarantur.
1130 679 1213 730 At
1252 676 1407 730 illum
1445 677 1636 745 ingens
1677 693 1807 730 cura
1849 681 2019 746 atque

301 748 517 803 laetitia
553 750 712 803 simul
743 767 1109 820 occupavere3
1145 768 1270 806 nam
1301 753 1615 806 laetabatur
1650 752 2018 823 [intellegens]

302 825 678 893 conjuratione
692 827 971 896 patefacta
984 828 1263 881 civitatem
1284 828 1539 897 periculis
1559 833 1811 897 ereptam
1828 829 1996 899 [esse]
2003 852 2017 895 ;

301 917 466 969 porro
499 906 686 956 autem
708 904 903 956 anxius
936 908 1074 972 erat,
1103 903 1412 973 [dubitans]
1444 906 1501 957 in
1533 921 1787 959 maxumo
1812 907 2017 960 scelere

302 979 472 1031 tantis
504 978 714 1032 civibus
749 979 1123 1047 deprehensiS‚
1157 979 1291 1048 quid
1324 981 1469 1034 facto
1503 997 1639 1049 opus
1675 985 1851 1047 esset3
1887 1000 2016 1050 poe-

302 1069 429 1106 nam
453 1052 668 1107 illorum
694 1055 796 1107 sibi
827 1056 995 1122 oneri,
1019 1056 1406 1124 impunitatem
1430 1056 1751 1124 perdundae
1773 1058 1854 1111 rei
1878 1059 2016 1126 pub-

301 1129 438 1185 licae
461 1130 579 1184 fore
613 1130 892 1184 credebat.
964 1131 1147 1198 Igitur
1176 1133 1496 1184 confirmato
1529 1132 1707 1185 animo
1732 1134 1911 1186 vocari
1943 1134 2015 1186 ad

302 1221 423 1259 sese
448 1205 615 1273 jubet
653 1207 962 1273 Lentulum,
1005 1205 1327 1275 Cethegum,
1367 1207 1658 1274 Statilium,
1706 1207 2015 1277 Gabinium,

300 1280 546 1351 itemque
596 1283 919 1351 Caeparium
975 1283 1251 1352 quendam
1300 1284 1760 1349 Tarracinensem,
1811 1285 1905 1353 qui
1957 1286 2014 1337 in

302 1359 563 1426 Apuliam
599 1358 671 1412 ad
696 1359 1022 1412 concitanda
1047 1360 1273 1412 servitia
1302 1359 1572 1427 proficisci
1602 1359 1847 1427 parabat.
1913 1360 2015 1414 Ce-

299 1435 406 1488 teri
453 1435 570 1488 sine
612 1451 765 1488 mora
810 1436 1072 1499 veniunt3
1121 1435 1416 1504 Caeparius
1463 1435 1626 1504 paulo
1672 1439 1802 1489 ante
1850 1436 2013 1490 domo

299 1526 549 1578 egressus
596 1512 815 1579 cognito
862 1511 1061 1564 indicio
1109 1527 1179 1564 ex
1227 1510 1364 1564 urbe
1405 1511 1738 1580 profugerat.
1810 1512 2012 1566 Consul

297 1585 610 1654 Lentulum,
645 1587 795 1656 quod
826 1592 1052 1656 praetor
1086 1592 1221 1654 erat,
1255 1588 1373 1656 ipse
1408 1604 1573 1640 manu
1606 1592 1799 1642 tenens
1825 1588 1905 1657 [in
1928 1605 2011 1642 se-

295 1662 510 1731 natum]
533 1662 802 1731 perducit,
827 1664 1064 1732 reliquos
1084 1680 1207 1716 cum
1233 1663 1557 1717 custodibus
1580 1663 1634 1716 in
1653 1664 1847 1718 aedem
1874 1665 2012 1719 Con-

295 1739 516 1793 cordiae
546 1740 732 1794 venire
758 1739 942 1809 jubet.
1014 1740 1094 1793 Eo
1131 1743 1383 1794 senatum
1422 1739 1668 1808 advocat,
1704 1757 2009 1811 magnaque

294 1814 606 1883 frequentia
639 1816 761 1885 ejus
795 1817 1003 1870 ordinis
1040 1817 1382 1870 Volturcium
1419 1833 1541 1869 cum
1589 1816 1786 1884 legatis
1838 1818 2010 1871 intro-

299 1891 481 1956 ducit3
519 1892 772 1946 Flaccum
805 1896 1114 1960 praetorem
1150 1893 1404 1945 scrinium
1438 1908 1563 1946 cum
1591 1892 1771 1946 literis
1804 1909 1941 1960 quas
1976 1909 2011 1946 a

297 1966 498 2034 legatis
521 1971 811 2036 acceperat
835 1968 1029 2021 eodem
1055 1968 1251 2021 afferre
1268 1967 1447 2035 jubet.

402 2047 487 2100 47.
560 2044 878 2098 Volturcius
912 2043 1286 2111 interrogatus
1324 2044 1394 2098 de
1431 2044 1645 2110 itinere,
1696 2043 1767 2098 de
1814 2044 2006 2117 literis,

296 2122 576 2187 postremo
595 2120 728 2187 quid
752 2124 849 2173 aut
868 2137 976 2186 qua
995 2120 1066 2174 de
1091 2137 1283 2173 caussa
1305 2120 1493 2173 consili
1511 2118 1808 2186 habuisset,
1833 2120 2007 2187 primo

297 2195 507 2262 fingere
530 2196 651 2262 alia,
683 2196 1028 2250 dissimulare
1064 2197 1134 2249 de
1160 2195 1567 2264 conjuratione;
1602 2199 1744 2265 post,
1768 2196 1863 2249 ubi
1896 2196 2008 2250 fide

295 2271 517 2338 publica
544 2272 730 2326 dicere
754 2271 944 2340 jussus
975 2276 1075 2340 est,
1114 2273 1295 2325 omnia
1326 2274 1407 2326 uti
1431 2276 1590 2340 gesta
1622 2276 1779 2326 erant
1811 2273 2004 2340 aperit,

298 2346 572 2417 docetque
609 2365 669 2402 se
701 2349 889 2417 paucis
924 2353 1054 2401 ante
1090 2348 1288 2401 diebus
1322 2365 1355 2401 a
1389 2348 1620 2402 Gabinio
1657 2351 1716 2401 et
1742 2348 2008 2417 Caepario

298 2423 503 2476 socium
528 2424 775 2489 ascitum,
809 2423 941 2476 nihil
974 2423 1209 2492 amplius
1245 2424 1382 2477 scire
1415 2440 1577 2492 quam
1610 2424 1852 2491 legatos3
1888 2428 2009 2477 tan-

296 2499 583 2553 tummodo
607 2499 800 2553 audire
826 2500 1044 2553 solitum
1070 2517 1140 2552 cx
1167 2499 1401 2552 Gabinio
1429 2500 1486 2552 P.
1512 2500 1860 2567 Autronium,
1887 2499 2009 2553 Scr-

296 2574 444 2628 vium
482 2576 702 2640 Sullam,
742 2576 802 2630 L.
833 2576 1252 2643 Vargunteium,
1289 2576 1490 2628 multos
1526 2579 1815 2644 praetcrea
1849 2575 1907 2628 in
1942 2592 2009 2628 ea

296 2651 671 2719 conjuratione
705 2669 838 2705 esse.
912 2651 1120 2705 Eadem
1156 2651 1299 2705 Galli
1334 2652 1580 2705 fatentur
1612 2668 1675 2705 ac
1707 2650 2006 2705 Lentulum

297 2726 733 2782 dissimulantem
752 2732 1053 2795 coarguunt
1069 2731 1294 2796 praeter
1307 2727 1496 2781 literas
1516 2727 1853 2781 sermonibus
1871 2745 2008 2795 quos

297 2802 389 2856 ille
411 2803 617 2856 habere
643 2803 834 2857 solitus
860 2807 1008 2857 erat:
1048 2820 1116 2856 ex
1141 2802 1295 2856 libris
1321 2803 1599 2871 Sibyllinis
1631 2819 1860 2870 regnum
1898 2804 2007 2855 Ro-

298 2895 420 2931 mae
454 2880 632 2932 tribus
670 2879 935 2932 Corneliis
971 2878 1259 2947 portendi;
1304 2878 1533 2932 Cinnam
1581 2881 1750 2947 atque
1800 2878 2006 2932 Sullam

298 2957 476 3021 antea,
504 2971 562 3007 se
586 2954 813 3008 tertium
840 2971 961 3007 esse
985 2955 1070 3007 cui
1096 2954 1271 3007 fatum
1291 2955 1435 3008 foret
1460 2954 1614 3007 urbis
1631 2953 1828 3022 potiri;
1851 2971 2008 3022 prae-

297 3033 453 3083 terea
476 3029 546 3083 ab
570 3030 789 3084 incenso
816 3030 1085 3098 Capitolio
1110 3030 1260 3082 illum
1289 3047 1409 3083 csse
1432 3029 1757 3098 vigesimum
1789 3047 2008 3099 annum,

298 3122 462 3174 quem
489 3123 652 3175 saepe
682 3123 750 3159 ex
781 3106 1045 3176 prodigiis
1074 3106 1388 3173 haruspices
1417 3106 1831 3173 respondissent
1863 3106 2007 3159 bello

297 3182 441 3236 civili
463 3185 752 3236 cruentum
774 3183 906 3236 fore.
969 3182 1153 3249 Igitur
1178 3181 1434 3248 perlectis
1454 3182 1641 3249 literiS,
1666 3197 1833 3249 quum
1857 3182 2008 3249 prius

299 3274 488 3313 omncs
546 3259 700 3326 signa
748 3275 845 3312 sua
891 3258 1290 3326 cognovissent,
1339 3261 1563 3311 senatus
1610 3256 1873 3322 decernit,
1921 3254 2009 3307 uti
