2269 3561
981 217 1363 282 CATILINA.
1988 224 2020 273 5

314 318 319 319 ⁷
419 301 467 351 8.
539 294 652 351 Sed
683 297 930 366 profecto
963 299 1185 352 fortuna
1213 298 1271 355 in
1305 297 1451 352 omni
1484 315 1546 353 re
1571 298 1918 366 dominatur3
1952 319 2019 355 ea

314 387 404 426 res
442 378 666 427 cunctas
704 390 773 426 ex
816 373 1060 428 lubidine
1097 375 1271 442 magis
1310 392 1475 444 quam
1514 392 1583 428 ex
1607 392 1738 429 vero
1771 376 2018 432 celebrat

313 448 696 517 obscuratque.
742 451 1166 504 Atheniensium
1192 467 1282 504 res
1308 455 1513 520 gestae,
1541 453 1683 505 sicut
1708 469 1811 518 ego
1834 459 2017 508 aestu-

303 540 417 591 .m0,
448 526 582 578 satis
615 526 827 594 amplae
862 527 1289 595 magnificaeque
1321 529 1490 593 fuere,
1521 544 1710 580 verum
1736 529 2016 595 aliquanto
2097 563 2105 572 -

310 601 549 656 minores
587 606 774 656 tamen
814 620 978 671 quam
1010 603 1157 656 fama
1188 605 1452 658 feruntur.
1527 605 1638 659 Sed
1663 604 1792 672 quia
1823 623 2017 674 prove-

309 694 442 731 nere
464 678 541 731 ibi
569 681 894 749 scriptorum
922 697 1120 748 magna
1146 681 1376 749 ingenia,
1403 697 1503 749 per
1527 685 1797 734 terrarum
1824 680 2014 736 orbem

313 754 729 808 Atheniensium
748 756 893 809 facta
911 774 1011 825 pro
1026 758 1293 810 maxumis
1313 757 1671 810 celebrantur.
1719 757 1811 810 Ita
1826 775 2012 811 eorum

309 830 404 899 qui
444 848 510 885 ea
546 832 728 885 fecere
752 833 926 885 virtus
965 836 1121 886 tanta
1158 833 1408 901 habetur,
1445 837 1710 900 quantum
1744 851 1810 887 ea
1831 834 2013 888 verbis

307 916 538 974 potuere
558 908 821 963 extollere
844 909 1122 977 praeclara
1141 910 1371 977 ingenia.
1445 912 1527 964 At
1544 910 1745 978 populo
1767 911 2012 964 Romano

306 999 602 1052 numquam
643 1002 708 1038 ea
745 986 899 1053 copia
935 986 1054 1050 fuit,
1093 987 1221 1052 quia
1259 987 1738 1055 prudentissumus
1775 987 2010 1056 quisquc

307 1076 562 1112 maxume
601 1062 915 1128 negotiosus
946 1067 1099 1127 erat3
1138 1063 1415 1131 ingenium
1448 1080 1608 1116 nemo
1641 1064 1758 1116 sine
1782 1080 2010 1132 corporo

309 1135 636 1190 exercebat:
676 1140 933 1206 optumus
973 1139 1205 1206 quisque
1243 1139 1425 1192 facere
1465 1156 1628 1207 quam
1671 1139 1869 1205 dicere,
1913 1157 2011 1193 sua

306 1212 376 1263 ab
416 1212 537 1264 aliis
573 1211 714 1265 bene
752 1212 898 1265 facta
925 1212 1137 1266 laudari
1171 1231 1337 1282 quam
1368 1215 1488 1283 ipse
1520 1215 1750 1266 aliorum
1782 1231 2009 1269 narrare

304 1288 558 1342 malebat.

410 1371 458 1419 9.
534 1365 715 1432 Igitur
739 1364 885 1418 domi
921 1365 1259 1434 militiaeque
1283 1366 1411 1419 boni
1444 1383 1624 1420 mores
1653 1367 1974 1421 colebantur
1995 1390 2008 1434 ;

304 1440 595 1494 concordia
632 1456 899 1505 maxuma,
939 1441 1182 1494 minuma
1216 1442 1444 1495 avaritia
1477 1446 1632 1507 erat3
1661 1443 1757 1510 jus
1782 1443 2007 1496 bonum-

305 1532 411 1582 que
445 1516 593 1585 apud
625 1533 718 1569 eos
750 1532 855 1569 non
894 1516 1105 1584 legibus
1138 1519 1309 1585 magis
1348 1535 1513 1585 quam
1545 1522 1739 1571 natura
1772 1518 2004 1573 valebat.

303 1593 339 1644 J
344 1594 514 1661 urgia,
540 1592 856 1658 discordias,
892 1594 1201 1647 simultates
1235 1611 1356 1646 cum
1383 1595 1633 1648 hostibus
1658 1595 2003 1659 exercebant,

301 1669 445 1722 cives
485 1685 607 1722 cum
647 1668 854 1722 civibus
898 1668 967 1722 de
1006 1671 1213 1723 virtute
1261 1670 1580 1736 certabant3
1630 1671 1686 1723 in
1726 1671 2003 1740 suppliciis

302 1744 527 1799 deorum
566 1745 855 1813 magnifici,
900 1745 1047 1799 domi
1086 1747 1250 1815 parci,
1287 1746 1344 1799 in
1377 1746 1563 1801 amicis
1600 1747 1791 1801 fideles
1828 1752 2002 1802 erant.

302 1820 527 1874 Duabus
560 1821 645 1874 his
668 1821 895 1890 artibuS,
929 1823 1158 1875 audacia
1180 1823 1236 1875 in
1263 1824 1419 1888 bello,
1450 1824 1546 1878 ubi
1583 1841 1692 1892 pax
1725 1829 1999 1893 evenerat,

301 1897 593 1964 aequitate,
627 1914 793 1965 seque
830 1915 1058 1966 remque
1094 1899 1368 1967 publicam
1407 1900 1683 1953 curabant.
1758 1900 2000 1964 Quarum

301 1987 484 2023 rerum
523 1988 624 2039 ego
666 1989 921 2025 maxuma
966 1973 1296 2026 documenta
1342 1976 1478 2028 haec
1524 1975 1715 2041 habe0,
1753 1977 1902 2045 quod
1944 1977 2000 2030 in

301 2045 442 2100 bello
468 2048 684 2116 saepius
698 2047 1031 2100 vindicatum
1057 2052 1143 2100 est
1166 2049 1224 2100 in
1250 2066 1357 2116 eos,
1377 2050 1470 2117 qui
1495 2055 1687 2104 contra
1709 2052 1999 2120 imperium

299 2123 354 2176 in
384 2123 597 2176 hostem
631 2126 1021 2191 pugnaverant,
1054 2125 1260 2192 quique
1291 2125 1503 2179 tardius
1528 2128 1769 2181 revocati
1792 2128 1998 2195 proelio

298 2202 659 2264 excesserant,
694 2209 874 2267 quam‘
898 2201 991 2267 qui
1031 2200 1187 2266 signa
1223 2201 1529 2270 relinquere
1568 2207 1665 2256 aut
1702 2204 1842 2271 pulsi
1881 2204 1997 2257 loco

296 2275 493 2329 cedere
531 2276 647 2328 ausi
687 2279 878 2341 erant;
912 2277 968 2328 in
1001 2293 1137 2345 pace
1163 2293 1308 2342 vere,
1342 2277 1491 2345 quod
1522 2279 1798 2332 beneficiis
1834 2296 1997 2347 quam

295 2355 446 2405 metu
476 2351 763 2421 imperium
804 2353 1104 2420 agitabant,
1140 2357 1198 2406 et
1227 2357 1450 2420 accepta
1483 2353 1684 2421 injuria
1716 2355 1997 2422 ignoscere

293 2445 455 2495 quam
481 2430 735 2497 persequi
759 2428 1052 2481 malebant.

402 2512 480 2558 10.
556 2504 666 2558 Sed
690 2504 783 2557 ubi
809 2504 995 2558 labore
1020 2509 1189 2574 atque
1205 2505 1428 2573 justitia
1451 2522 1541 2559 res
1565 2506 1782 2574 publica
1805 2509 1994 2573 crevit,

291 2597 448 2648 reges
486 2581 668 2648 magni
708 2580 850 2633 bello
890 2581 1101 2648 domiti,
1134 2582 1387 2634 nationes
1428 2582 1578 2636 ferae
1611 2587 1670 2636 et
1702 2584 1885 2651 populi
1920 2586 1997 2636 in-

289 2662 482 2724 gentes
506 2659 558 2710 vi
592 2656 816 2724 subacti,
848 2657 1142 2726 CarthagO,
1174 2657 1388 2710 aemula
1419 2657 1616 2726 imperi
1646 2659 1898 2724 Romani,
1924 2660 1994 2712 ab

290 2734 460 2802 stirpe
486 2734 711 2797 interiit,
738 2736 933 2786 cuncta
957 2734 1132 2786 maria
1155 2737 1449 2801 terraeque
1475 2733 1756 2802 patebant,
1783 2736 1993 2787 saevire

288 2808 508 2862 fortuna
532 2825 594 2862 ac
618 2809 847 2862 miscere
871 2810 1052 2862 omnia
1076 2809 1271 2876 coepit.
1350 2810 1453 2874 Qui
1479 2809 1709 2875 labores,
1736 2810 1994 2878 pericula,

289 2885 481 2938 dubias
506 2891 674 2954 atque
699 2902 920 2953 asperas
951 2902 1038 2939 res
1071 2885 1227 2938 facile
1264 2887 1650 2952 toleraverant,
1683 2886 1768 2938 his
1802 2887 1992 2952 otium,

288 2961 514 3014 divitiae
538 2962 811 3030 optandae
835 2962 969 3027 aliis,
997 2961 1150 3014 oneri
1181 2962 1541 3030 miseriaeque
1566 2962 1733 3016 suere.
1811 2962 1993 3030 Igitur

284 3038 461 3104 primo
495 3038 773 3105 pecuniae,
807 3037 1008 3090 deinde
1042 3037 1238 3104 imperi
1270 3037 1469 3105 cupido
1502 3038 1709 3110 crevit3
1746 3055 1812 3091 ea
1835 3039 1990 3107 quasi

285 3113 544 3166 materies
552 3113 791 3165 omnium
807 3113 1071 3165 malorum
1086 3113 1255 3165 fuere.
1295 3113 1342 3164 N
1350 3129 1546 3181 amque
1562 3114 1791 3167 avaritia
1805 3114 1988 3178 fidem,

283 3188 633 3257 probitatem,
670 3193 991 3257 ceterasque
1027 3189 1165 3241 artis
1208 3187 1376 3241 bonas
1415 3188 1720 3252 subvortit3
1762 3205 1863 3257 pro
1906 3188 1990 3239 his

284 3264 611 3334 superbiam,
638 3264 1059 3387 crudelitatem,2
1069 3264 1202 3318 deos
1236 3264 1542 3331 neglegere,
1577 3264 1756 3317 omnia
1780 3262 1990 3316 venalia
