2269 3561
246 175 308 233 634
395 231 404 235 ,
681 249 686 254 Α
742 186 797 232 c.
839 169 1191 232 sA'LLUs‘rI
1229 183 1463 252 cR1sp1

246 267 494 318 mentum
535 263 791 331 scribere,
832 263 903 316 ab
952 264 1110 316 sociis
1159 266 1218 316 et
1264 263 1482 316 nomine
1521 262 1719 316 Latino
1757 264 1963 317 auxilia

245 357 538 405 arcessere,
558 340 795 409 denique
822 339 1069 393 omnibus
1094 339 1272 392 modis
1295 339 1572 392 festinare.
1622 340 1856 394 Senatus
1880 343 1962 395 ita

247 418 329 470 uti
359 434 459 485 par
487 417 667 469 fuerat
691 416 955 483 decernit,
979 433 1076 469 suo
1102 419 1272 484 atque
1295 417 1483 485 populi
1511 417 1722 485 injussu
1751 419 1962 471 nullum

245 494 489 564 potuisse
522 493 719 546 foedus
748 493 882 546 fieri.
956 492 1155 546 Consul
1185 492 1485 561 impeditus
1516 510 1548 545 a
1578 495 1814 562 tribunis
1844 497 1962 564 ple-

246 571 346 639 bis,
383 588 453 625 ne
492 587 628 638 quas
666 574 958 637 paraverat
1006 570 1186 637 copias
1237 585 1418 622 secum
1469 574 1731 637 portaret,
1773 572 1962 641 paucis

247 648 439 702 diebus
476 648 531 700 in
573 647 819 701 Africam
853 646 1249 714 proficiscitur3
1295 663 1419 699 nam
1458 647 1632 699 omnis
1669 649 1960 716 exercitus,

245 726 329 780 uti
352 729 694 791 convenerat,
715 724 978 777 Numidia
997 722 1269 775 deductus
1294 722 1348 774 in
1367 724 1646 790 provincia
1668 723 1961 778 hiemabat.

249 803 544 870 Postquam
582 819 648 856 eo
685 803 848 866 venit,
882 817 1210 869 quamquam
1248 801 1505 868 persequi
1534 801 1572 853 J
1574 801 1869 869 ugurtham
1901 806 1962 855 et

246 879 454 932 mederi
489 880 766 932 fraternae
799 878 1036 931 invidiae
1070 877 1250 928 animo
1284 876 1531 944 ardebat,
1558 877 1787 945 cognitis
1820 878 1961 930 mili-

246 955 407 1020 tibus,
432 973 567 1021 qnos
597 959 818 1023 praeter
852 955 1033 1021 fugam
1067 954 1244 1006 soluto
1278 953 1506 1020 imperio
1538 954 1760 1008 licentia
1791 957 1960 1023 atque

245 1030 465 1084 lascivia
512 1034 847 1099 corruperat,
887 1048 956 1084 ex
1002 1029 1156 1098 copia
1203 1045 1388 1081 rerum
1438 1030 1636 1084 statuit
1678 1029 1781 1083 sibi
1822 1031 1960 1084 nihil

246 1108 584 1175 agitandum.

350 1192 432 1238 40.
485 1184 711 1238 Interim
740 1184 948 1238 Romae
973 1185 1030 1239 C.
1057 1184 1335 1239 Mamilius
1362 1183 1679 1237 Limetanus
1704 1184 1960 1239 tribunus

246 1260 423 1328 plebis
459 1261 794 1328 rogationem
833 1260 903 1314 ad
944 1262 1202 1329 populum
1241 1260 1571 1328 promulgat,
1611 1261 1693 1313 uti
1732 1278 1960 1328 quaere-

247 1341 404 1389 retur
441 1338 497 1389 in
536 1354 641 1401 eos,
682 1354 910 1404 quorum
951 1338 1172 1389 consilio
1207 1336 1487 1404 Jugurtha
1523 1337 1699 1389 senati
1734 1337 1960 1391 decreta

247 1413 594 1480 neglegisset,
631 1414 832 1480 quique
864 1414 933 1465 ab
971 1430 1036 1466 eo
1075 1414 1131 1465 in
1172 1412 1539 1479 legationibus
1578 1417 1674 1465 aut
1713 1413 1959 1481 imperiis

247 1489 503 1557 pecunias
551 1490 901 1557 accepissent,
942 1490 1036 1557 qui
1085 1489 1404 1558 elephantos
1451 1490 1653 1557 quique
1700 1490 1960 1558 perfugas

249 1565 624 1630 tradidissent,
655 1566 790 1618 item
830 1566 923 1633 qui
964 1565 1034 1618 de
1074 1582 1209 1635 pace
1246 1568 1343 1618 aut
1378 1564 1521 1618 bello
1550 1582 1672 1618 cum
1708 1566 1959 1620 hostibus

247 1642 528 1710 pactiones
558 1642 832 1695 fecissent.
906 1642 1052 1695 Huic
1080 1641 1351 1709 rogationi
1380 1642 1582 1710 partim
1607 1643 1958 1712 consciijsibi‚

248 1719 340 1772 alii
387 1736 453 1772 ex
502 1718 742 1788 partium
791 1718 994 1771 invidia
1041 1718 1283 1788 pericula
1330 1720 1655 1785 metuentes,
1701 1719 1958 1787 quoniam

248 1804 442 1865 aperte
466 1797 722 1849 resistere
757 1811 864 1847 non
897 1799 1157 1863 poterant
1190 1796 1319 1863 quin
1355 1795 1448 1848 illa
1476 1798 1534 1848 et
1559 1795 1664 1848 alia
1688 1796 1822 1849 talia
1842 1797 1958 1863 pla-

249 1890 374 1927 cere
407 1872 508 1926 sibi
542 1873 864 1937 faterentur,
891 1873 1099 1925 occulte
1129 1889 1229 1940 per
1255 1872 1456 1924 amicos
1487 1889 1551 1925 ac
1580 1889 1833 1926 maxume
1858 1890 1960 1941 per

248 1949 496 2003 homines
528 1949 758 2001 nominis
787 1948 970 2001 Latini
1006 1951 1064 2001 et
1096 1949 1267 2001 socios
1307 1948 1530 2001 Italicos
1562 1949 1959 2017 impedimenta

247 2026 533 2095 parabant.
604 2025 714 2079 Sed
750 2023 938 2092 plebes
973 2024 1293 2077 incredibile
1330 2028 1634 2077 memoratu
1663 2029 1762 2093 est,
1792 2043 1958 2094 quam

249 2103 461 2156 intenta
487 2102 656 2155 fuerit
684 2107 998 2169 quantaque
1026 2101 1080 2153 vi
1116 2101 1456 2167 rogationem
1485 2100 1728 2168 jusserit,
1767 2102 1958 2156 decre-

248 2180 403 2245 verit,
426 2179 674 2243 voluerit,
697 2178 868 2245 magis
893 2178 1019 2230 odio
1049 2177 1367 2245 nobilitatis,
1392 2179 1478 2231 cui
1509 2177 1651 2230 mala
1678 2179 1773 2231 illa
1801 2195 1958 2247 para-

248 2255 463 2320 bantur,
483 2272 649 2323 quam
668 2271 798 2308 cura
821 2254 902 2307 rei
928 2254 1207 2323 publieae;
1239 2258 1394 2307 tanta
1419 2254 1608 2307 lubido
1625 2255 1680 2307 in
1705 2256 1957 2323 partibus

248 2340 383 2385 erat.
458 2332 636 2399 Igitur
672 2332 868 2384 ceteris
905 2330 1371 2399 metuperculsis,
1410 2332 1483 2383 M.
1511 2331 1761 2399 Scaurus,
1791 2349 1955 2399 quem

248 2410 490 2476 legatum
526 2408 748 2460 Bestiae
783 2408 951 2461 fuisse
988 2424 1153 2476 supra
1185 2406 1478 2474 docuimus,
1507 2407 1653 2460 inter
1687 2408 1956 2462 laetitiam

246 2485 423 2554 plebis
442 2488 500 2537 et
525 2500 745 2536 suorum
770 2484 969 2551 fugam,
987 2483 1207 2552 trepida
1226 2484 1514 2537 etiamtum
1533 2484 1769 2552 civitate,
1786 2502 1953 2552 quum

247 2579 314 2615 ex
353 2560 564 2614 Mamili
602 2561 884 2627 rogatione
921 2565 1036 2613 tres
1072 2561 1412 2628 quazsitores
1449 2564 1790 2628 rogarentur,
1829 2563 1956 2615 effe-

246 2642 398 2705 cerat
434 2640 498 2689 ut
531 2638 654 2705 ipse
692 2637 747 2689 in
787 2654 851 2689 eo
900 2654 1126 2690 numero
1170 2645 1465 2690 crearetur.
1550 2637 1661 2691 Sed
1708 2640 1956 2705 quaestio

247 2714 489 2768 exercita
515 2731 706 2781 aspere
732 2714 1104 2781 violenterque
1134 2731 1200 2767 ex
1232 2730 1451 2766 rumore
1480 2718 1539 2767 et
1565 2713 1810 2768 lubidine
1839 2716 1951 2785 plc—

249 2792 329 2845 bis
346 2813 359 2858 ;
395 2794 459 2844 ut
489 2807 649 2857 saepe
680 2790 1036 2858 nobilitatem,
1073 2791 1149 2845 sic
1179 2807 1243 2843 ea
1272 2793 1603 2858 tempestate
1631 2790 1846 2859 plebem
1883 2810 1950 2844 ex

248 2867 502 2922 secundis
526 2868 689 2919 rebus
713 2867 1003 2920 insolentia
1027 2871 1263 2935 ceperat.

352 2951 434 2996 41.
506 2944 763 2996 Ceterum
806 2960 923 2996 mos
962 2945 1200 3012 partium
1242 2944 1586 3013 popularium
1629 2948 1688 2998 et
1731 2947 1953 2998 senatus

248 3020 542 3073 factionum
585 3037 648 3072 ac
689 3019 889 3072 deinde
933 3021 1173 3072 omnium
1214 3021 1475 3073 malarum
1519 3022 1719 3074 artium
1765 3021 1954 3089 paucis

248 3098 377 3147 'ante
432 3095 588 3147 annis
649 3095 854 3148 Romae
900 3099 1055 3148 ortus
1102 3100 1189 3149 est
1236 3098 1347 3149 otio
1401 3101 1567 3166 atque
1615 3097 1954 3151 abundantia

248 3179 436 3224 'earum
460 3186 659 3235 rerum,
694 3187 833 3238 quae
856 3171 1032 3239 prima
1065 3173 1323 3225 mortales
1353 3173 1574 3226 ducunt.
1650 3174 1791 3227 Nam
1823 3178 1954 3227 ante

250 3245 634 3311 Carthaginem
668 3245 908 3298 deletam
941 3246 1174 3314 populus
1197 3259 1254 3298 et
1283 3258 1504 3301 senatus
1538 3250 1815 3302 Romanus
1839 3252 1956 3317 pla-
