2269 3561
253 212 312 258 46
753 207 806 252 C.
846 203 1198 252 SALLUSTI
1235 204 1466 251 CRISPI

252 306 385 342 esse.
458 286 643 340 Ceteri
680 284 836 351 reges
865 294 962 336 aat
1000 284 1141 337 bello
1167 283 1294 336 victi
1327 285 1379 336 in
1414 283 1710 336 amicitiam
1745 300 1778 336 a
1809 281 1961 336 vobis

250 363 457 431 recepti
482 365 621 428 sunt,
647 364 744 414 aut
767 363 822 413 in
849 360 959 413 suis
984 359 1163 413 dubiis
1188 360 1352 413 rebus
1377 361 1693 415 societatem
1719 362 1960 412 vostram

251 439 664 507 appetiverunt3
696 436 901 490 familia
928 439 1117 490 nostra
1149 453 1272 491 cum
1305 437 1504 505 populo
1535 436 1781 489 Romano
1815 435 1959 488 bello

253 514 688 581 Carthaginiensi
724 514 1018 566 amicitiam
1057 513 1315 581 instituit,
1355 530 1463 581 quo
1498 516 1747 580 tempore
1785 513 1974 579 magis·

250 591 390 644 fides
425 589 543 658 ejus
576 607 735 658 quam
772 590 992 643 fortuna
1015 589 1254 657 petenda
1281 593 1415 643 erat.
1492 590 1734 654 Quorum
1765 605 1961 657 proge-
1985 624 2014 640 „
2149 630 2153 637 .

251 667 396 720 niem
420 684 528 732 VOS,
551 671 738 735 patres
763 667 1067 734 conscripti,
1103 667 1272 719 nolite
1296 667 1411 735 pati
1436 683 1525 719 me
1561 669 1816 734 nepotem
1843 665 1962 717 Ma·
2001 688 2004 693 ·

252 744 478 797 sinissae
509 745 717 796 frustra
763 760 795 796 a
824 743 977 796 vobis
1018 742 1277 796 auxilium
1316 748 1520 810 petere.
1593 742 1651 796 si
1688 741 1760 794 ad
1795 742 1964 809 impe-

252 821 510 875 trandum
557 820 689 872 nihil
738 836 960 872 caussae
1007 819 1267 871 haberem
1316 823 1538 886 praeter
1592 817 1962 870 miserandam

251 897 542 963 fortunam,
575 897 724 964 quod
759 895 921 964 paulo
957 899 1086 949 ante
1119 912 1217 948 rex
1249 912 1468 962 genere,
1502 896 1647 947 fama
1679 899 1845 962 atque
1875 910 1961 947 co-

252 973 357 1042 piis
397 978 608 1041 potenS,
649 989 790 1026 nunc
829 972 1172 1025 deformatus
1216 972 1505 1038 aerumnis,
1545 972 1717 1039 inops,
1758 970 1963 1023 alienas

253 1066 384 1118 opes
426 1053 700 1118 exspectO,
743 1052 927 1102 tamen
981 1052 1102 1102 erat
1140 1047 1444 1115 majestatis
1500 1047 1731 1101 Romani
1778 1047 1962 1115 populi

254 1126 547 1195 prohibere
581 1125 849 1221 injuriam
876 1140 1054 1192 neque
1088 1125 1206 1192 pati
1241 1123 1560 1191 cujusquam
1599 1140 1825 1190 regnum
1862 1139 1964 1191 per

254 1202 433 1255 scelus
482 1218 744 1256 crescere.
768 1218 775 1225 “
796 1201 1029 1261 ,Verum
1068 1217 1171 1268 ego
1218 1199 1286 1252 iis
1330 1198 1532 1252 finibus
1580 1198 1791 1266 ejectus
1830 1216 1963 1263 sum,

256 1296 394 1347 quos
440 1278 740 1347 majoribus
782 1279 919 1332 meis
974 1278 1213 1347 populus
1262 1276 1541 1330 Romanus
1589 1276 1759 1341 dedit,
1816 1275 1964 1329 unde

256 1360 415 1422 pater
450 1360 508 1408 et
543 1372 676 1408 avus
711 1371 867 1408 meus
902 1371 1010 1407 una
1045 1352 1324 1406 vobiscum
1359 1353 1622 1422 expulere
1659 1353 1964 1421 Syphacem

257 1435 317 1485 et
342 1431 826 1498 Carthaginiensis.
897 1429 1103 1482 Vostra
1137 1428 1404 1482 beneficia
1436 1429 1569 1481 mihi
1599 1433 1789 1496 erepta
1821 1432 1983 1505 sunt„

256 1510 447 1577 patres
493 1507 804 1575 conscripti,
848 1523 943 1559 vos
998 1506 1055 1558 in
1102 1522 1225 1559 mea
1270 1505 1469 1572 injuria
1521 1505 1768 1573 despecti
1817 1505 1963 1557 estis.

261 1583 416 1636 Eheu
450 1600 538 1636 me
567 1583 850 1636 miserum!
919 1582 1179 1649 Huccine,
1218 1582 1449 1649 Micipsa
1487 1577 1664 1651 pater,
1701 1579 1966 1633 beneficia

258 1662 356 1713 tua
379 1676 615 1726 evasere,
646 1662 724 1725 ut,
749 1675 914 1726 quem
947 1662 1011 1711 tu
1042 1674 1236 1725 parem
1268 1674 1392 1710 cum
1421 1657 1612 1710 liberis
1644 1656 1756 1711 tuis
1790 1658 1976 1723 1·egni.1

261 1752 368 1804 que
402 1735 728 1805 participem
767 1734 960 1798 fecisti,
996 1734 1043 1787 is
1081 1734 1442 1805 potissumum
1480 1733 1670 1802 stirpis
1707 1736 1837 1787 tuae
1873 1750 1966 1786 ex-

262 1814 493 1867 stinctor
528 1812 632 1865 sit?
705 1810 1092 1879 Numquamne
1137 1809 1270 1878 ergo
1304 1811 1509 1863 familia
1548 1814 1734 1863 nostra
1780 1811 1967 1878 quieta

260 1890 399 1943 erit?
448 1904 736 1957 semperne
781 1887 840 1939 in
881 1888 1160 1955 sanguine,
1208 1887 1370 1953 ferr0,
1411 1887 1542 1954 fuga
1590 1886 1982 1950 versabimur?

262 1966 408 2018 Dum
434 1964 910 2032 Carthaginienses
932 1962 1232 2017 incolumes
1254 1963 1424 2028 fuere,
1449 1963 1582 2030 jure
1601 1963 1781 2015 omnia
1805 1978 1968 2015 saeva

261 2041 633 2110 patiebamur;
678 2040 864 2093 hostes
901 2039 971 2092 ab
1014 2039 1206 2106 latere,
1250 2055 1345 2092 vos
1388 2039 1548 2092 amici
1591 2039 1795 2107 procul,
1841 2055 1967 2103 spes

263 2118 437 2171 omnis
471 2118 527 2170 in
563 2117 730 2169 armis
769 2120 902 2170 erat.
977 2116 1277 2184 Postquam
1318 2115 1413 2168 illa
1448 2115 1622 2184 pestis
1665 2132 1732 2167 ex
1779 2115 1984 2167 Africa*

262 2194 441 2261 ejecta
474 2196 573 2259 est,
600 2193 731 2248 laeti
767 2209 959 2261 pacem
996 2191 1352 2259 agitabamus,
1392 2192 1597 2260 quippe
1631 2191 1751 2258 quis
1792 2190 1968 2243 hostis

262 2269 440 2322 nullus
466 2273 602 2336 erat,
626 2270 729 2321 nisi
755 2270 896 2321 forte
921 2284 1084 2337 quem
1111 2285 1207 2321 vos
1223 2267 1539 2335 ‚iussissetis
1614 2267 1757 2320 Ecce
1782 2271 1968 2319 autem

264 2363 330 2399 ex
353 2345 644 2413 improviso
673 2346 710 2397 J
716 2346 968 2411 ugurtha,
1002 2343 1349 2396 intoleranda
1381 2343 1622 2410 audacia,
1655 2343 1861 2395 scelere
1890 2345 1970 2395 at-

263 2437 372 2490 que
417 2420 673 2490 superbia
714 2438 834 2473 sese
881 2421 1142 2487 ecferens‚
1182 2420 1355 2472 fratre
1403 2437 1525 2472 meo
1564 2423 1731 2486 atque
1774 2419 1969 2472 eodem

262 2498 566 2567 propinquo
599 2514 695 2551 suo
724 2499 1030 2564 interfectO,
1064 2497 1301 2565 primum
1334 2513 1563 2564 regnum
1598 2495 1718 2563 ejus
1749 2496 1971 2549 sceleris

265 2575 348 2627 sui
378 2574 637 2642 praedam
667 2574 813 2639 fecit,
848 2577 990 2642 post,
1022 2574 1114 2625 ubi
1149 2589 1237 2626 me
1263 2572 1440 2625 isdem
1477 2572 1618 2625 dolis
1655 2572 1847 2639 nequit
1883 2588 1971 2624 ca-

262 2667 409 2719 pere,
436 2649 567 2702 nihil
593 2650 770 2702 minus
795 2667 959 2717 quam
985 2650 1092 2702 vim
1119 2652 1217 2702 aut
1242 2649 1445 2701 bellum
1476 2652 1889 2716 exspectantem
1914 2648 1972 2700 in

265 2726 492 2795 imperio
534 2731 735 2790 vostro,
779 2727 940 2779 sicuti
980 2726 1195 2792 vidctiS,
1240 2729 1520 2779 extorrem
1556 2725 1751 2793 patria,
1792 2724 1970 2791 domo,

263 2803 482 2871 inopem
519 2806 577 2855 et
613 2806 933 2872 coopertum
970 2802 1206 2855 miseriis
1245 2802 1440 2869 effecit,
1479 2806 1542 2854 ut
1579 2801 1758 2870 ubivis
1795 2803 1973 2854 tutius

265 2896 428 2947 quam
461 2879 517 2931 in
552 2895 673 2932 meo
710 2896 878 2947 regno
913 2896 1103 2932 essem.
1175 2880 1290 2947 Ego
1322 2879 1398 2932 sic
1432 2878 1848 2942 existumabam‚
1878 2894 1974 2945 pa-

265 2960 382 3009 tres
429 2955 736 3024 conscripti,
792 2956 875 3009 uti
924 2956 1331 3025 praedicantem
1390 2955 1705 3008 audiveram
1754 2959 1973 3023 patrem

267 3048 463 3099 meum,
503 3033 598 3101 qui
636 3037 877 3088 vostram
913 3033 1208 3087 amicitiam
1247 3033 1539 3100 diligenter
1586 3032 1842 3096 colerent,
1880 3049 1976 3084 eos

267 3107 501 3161 multum
518 3108 762 3163 laborem
788 3109 1078 3178 suscipere,
1099 3112 1342 3162 ceterum
1363 3126 1430 3161 ex
1451 3108 1700 3161 omnibus
1718 3124 1974 3161 maxume

270 3188 421 3238 tutos
445 3201 576 3237 esse.
647 3186 809 3250 Quod
832 3187 889 3238 in
918 3184 1122 3238 familia
1154 3189 1343 3238 nostra
1370 3185 1476 3238 fuit
1507 3184 1803 3252 praestitit,
1827 3186 1891 3236 ut
1917 3186 1974 3235 in

269 3260 518 3313 omnibus
551 3259 709 3313 bellis
757 3261 979 3314 adesset
1019 3260 1205 3324 vobis;
1244 3277 1342 3313 nos
1390 3260 1472 3313 uti
1513 3276 1614 3327 per
1650 3260 1825 3312 otium
1861 3260 1974 3312 tuti
