2269 3561
239 227 302 278 70
743 224 795 271 C.
836 221 1184 272 SALLUSTI
1221 219 1455 268 CRISPI

239 317 427 360 tamen
452 304 648 358 incerti
674 304 933 371 quidnam
959 306 1122 363 esset,
1140 318 1309 370 quum
1332 303 1531 353 natura
1554 298 1657 353 loci
1685 303 1801 352 tum
1822 299 1949 353 dolo

240 384 345 450 ipsi
372 386 541 449 atque
566 381 719 448 signa
742 381 1002 434 militaria
1026 377 1503 433 obscurati—dein
1535 376 1690 430 brevi
1714 379 1950 443 cognitis

240 458 451 511 insidiis
483 457 762 526 paulisper
786 473 980 523 agmen
1006 455 1303 509 coustituit.
1378 453 1465 507 lbi
1490 457 1837 507 commutatis
1863 471 1949 504 or-

242 534 459 587 dinibus
484 535 539 587 in
571 534 802 587 dextero
838 533 1025 598 latere,
1055 532 1203 600 quod
1239 546 1568 600 proxumum
1606 529 1780 582 hostis
1810 539 1948 595 erat,

242 610 549 681 triplicibus
597 609 857 663 subsidiis
905 610 1075 662 aciem
1118 608 1396 673 instruxit,
1444 607 1589 660 inter
1644 606 1951 672 manipulos

240 687 548 741 funditores
573 690 632 740 et
667 686 978 754 sagittarios
1008 684 1281 753 dispertit,
1308 683 1616 752 equitatum
1643 699 1854 735 omnem
1892 682 1951 733 in

242 764 496 817 cornibus
529 764 687 830 locat,
714 780 777 817 ac
812 779 987 832 pauca
1022 779 1120 832 pro
1157 765 1406 831 tempore
1442 759 1644 813 milites
1679 759 1952 825 hortatuS,

242 840 413 893 aciem
440 841 581 894 sicut
604 841 943 894 instruxerat
974 839 1304 893 transvorsis
1339 836 1616 905 principiis
1644 835 1699 889 in
1724 835 1952 904 planum

243 916 485 971 deducit.

348 1001 430 1048 50.
503 993 613 1047 Sed
649 993 745 1046 ubi
783 993 1053 1046 Numidas
1088 992 1306 1059 quietos
1333 1006 1515 1058 neque
1548 990 1684 1043 colle
1717 988 1954 1056 degredi

243 1070 647 1137 animadvortit,
684 1070 893 1124 veritus
930 1086 997 1121 ex
1033 1069 1161 1120 anni
1187 1072 1435 1134 tempore
1465 1071 1526 1120 et
1554 1066 1737 1134 inopia
1759 1081 1953 1132 aquae,

244 1164 314 1199 ne
340 1147 429 1200 siti
456 1147 818 1200 conficeretur
841 1145 1131 1205 exercitus,
1150 1143 1416 1195 Rutilium
1440 1143 1686 1209 legatum
1709 1158 1832 1195 cum
1858 1159 1954 1195 ex-

244 1222 449 1290 peditis
473 1223 787 1276 cohortibus
805 1225 863 1275 et
886 1225 1045 1290 parte
1064 1221 1310 1287 equitum
1334 1220 1617 1286 praemisit
1641 1218 1712 1271 ad
1731 1218 1954 1286 flumen,

245 1299 327 1351 uti
357 1299 533 1351 locum
563 1300 756 1352 castris
786 1301 1155 1368 antecaperet,
1191 1296 1528 1349 existumans
1560 1296 1733 1348 hostis
1758 1295 1954 1348 crebro

243 1375 455 1442 impet-u
480 1381 537 1428 et
563 1376 889 1428 transvorsis
915 1373 1132 1444 proeliis
1157 1373 1265 1425 iter
1291 1390 1448 1425 suum
1473 1376 1859 1438 remoraturOS,
1894 1376 1956 1424 et

248 1452 499 1519 quoniam
525 1452 692 1504 armis
717 1452 1044 1514 diffiderent,
1066 1449 1444 1502 lassitudinem
1469 1452 1528 1502 et
1552 1448 1697 1501 sitim
1717 1447 1953 1501 militum

247 1531 630 1595 temptaturos.
718 1528 930 1580 Deinde
975 1528 1093 1595 ipse
1142 1543 1242 1593 pro
1291 1541 1354 1579 re
1403 1528 1573 1594 atque
1618 1525 1746 1586 loco,
1792 1524 1957 1577 sicuti

247 1608 435 1657 monte
471 1603 846 1669 descenderat,
884 1603 1149 1671 paulatim
1192 1602 1506 1670 procedere,
1545 1601 1598 1652 M
1607 1602 1781 1653 arium
1827 1605 1957 1668 post

247 1680 514 1748 principia
537 1680 755 1748 habere,
781 1681 901 1749 ipse
926 1696 1046 1733 cum
1082 1679 1334 1731 sinistrae
1363 1678 1481 1730 alae
1515 1677 1792 1745 equitibus
1817 1694 1955 1742 esse,

250 1756 343 1825 qui
377 1757 432 1810 in
461 1757 677 1825 agmine
706 1756 982 1826 principes
1011 1755 1143 1808 facti
1177 1758 1346 1808 erant.
1424 1754 1504 1806 At
1536 1753 1572 1806 J
1579 1752 1831 1822 ugurtha,
1858 1752 1952 1806 ubi

251 1838 557 1886 extremum
599 1850 791 1901 agmen
831 1832 1043 1885 Metelli
1078 1834 1283 1899 primos
1321 1848 1445 1884 suos
1481 1833 1955 1899 praetergressum

253 1910 416 1972 videt,
450 1909 722 1978 praesidio
760 1910 913 1977 quasi
959 1908 1128 1961 duum
1167 1907 1375 1959 milium
1422 1907 1674 1976 peditum
1710 1909 1955 1959 montem

253 1990 497 2054 occupat,
523 2003 633 2055 qua
659 1986 918 2039 Metellus
952 1983 1331 2051 descenderat,
1356 2000 1425 2036 ne
1457 1984 1600 2036 forte
1629 1983 1957 2036 cedentibus

254 2063 581 2116 advorsariis
617 2062 863 2131 receptui
886 2078 950 2115 ac
978 2064 1105 2130 post
1140 2061 1480 2113 munimento
1501 2060 1677 2123 foret;
1713 2060 1840 2112 dein
1873 2076 1956 2112 re-

253 2144 421 2209 pente
456 2140 610 2207 signo
643 2140 774 2193 dato
803 2139 976 2191 hostis
1010 2139 1234 2191 invadit.
1307 2137 1582 2191 Numidae
1620 2137 1709 2189 alii
1743 2140 1956 2204 postre-

254 2234 371 2270 mos
393 2217 639 2283 caedere,
654 2233 781 2284 pars
805 2232 838 2268 a
863 2216 1082 2268 sinistra
1106 2231 1170 2266 ac
1195 2214 1426 2266 dextera
1450 2216 1738 2280 temptare,
1758 2213 1957 2266 infensi

254 2293 448 2346 adesse
472 2297 640 2361 atque
666 2294 886 2358 instare,
915 2291 1164 2342 omnibus
1191 2290 1320 2343 locis
1349 2290 1712 2342 Romanorum
1738 2289 1958 2343 ordines

255 2369 599 2434 conturbare,
626 2384 853 2436 quorum
891 2367 1056 2419 etiam
1092 2366 1187 2434 qui
1224 2366 1554 2418 firmioribus
1589 2365 1782 2418 animis
1810 2364 1959 2419 obvii

256 2445 505 2498 hostibus
541 2444 772 2510 fuerant,
817 2442 1084 2497 ludificati
1129 2444 1339 2495 incerto
1383 2441 1608 2510 proeli0,
1644 2443 1747 2510 ipsi
1791 2442 1958 2495 modo

256 2522 466 2574 eminus
502 2521 904 2589 sauciabantur,
935 2537 1113 2589 neque
1150 2522 1340 2572 eontra
1375 2519 1613 2572 feriundi
1645 2523 1741 2572 aut
1773 2535 1962 2573 conse-

257 2597 412 2651 rendi
448 2614 665 2651 manum
692 2599 848 2666 eopia
877 2601 1010 2650 erat.
1086 2600 1235 2649 Ante
1263 2595 1380 2663 jam
1408 2596 1558 2649 docti
1582 2594 1652 2648 ab
1678 2595 1714 2647 J
1718 2595 1962 2663 ugurtha

257 2674 487 2743 equites,
511 2673 817 2744 ubicunque
845 2675 1211 2726 Romanorum
1239 2677 1421 2726 turma
1446 2672 1659 2741 insequi
1683 2676 1960 2741 coeperat,

256 2768 364 2804 non
390 2751 677 2805 confertim
703 2767 880 2818 neque
904 2750 958 2802 in
984 2767 1150 2803 unum
1177 2766 1296 2802 sese
1320 2749 1670 2816 recipiebant,
1698 2749 1797 2800 sed
1820 2748 1962 2801 alius

259 2828 363 2880 alio
400 2845 561 2896 quam
598 2844 851 2880 maxume
887 2826 1103 2879 divorsi.
1178 2827 1268 2879 Ita
1301 2842 1525 2878 numero
1555 2826 1779 2894 prioreS,
1806 2824 1853 2877 si
1889 2824 1962 2877 ab

259 2904 635 2972 persequendo
672 2904 844 2956 hostis
880 2903 1167 2956 deterrere
1202 2902 1576 2970 nequiverant,
1605 2900 1865 2968 disjectos
1889 2900 1962 2954 ab

261 2986 417 3046 tergo
465 2984 560 3032 aut
595 2979 858 3033 lateribus
894 2979 1426 3041 circumveniebant3
1480 2978 1562 3029 sin
1600 2977 1963 3045 opportunior

261 3056 287 3107 f
290 3071 422 3121 agae
448 3056 599 3108 collis
625 3073 786 3123 quam
812 3056 988 3125 campi
1025 3055 1224 3122 fuerat,
1248 3071 1313 3106 ea
1344 3070 1473 3106 vero
1499 3053 1743 3107 consueti
1769 3054 1819 3105 N
1824 3052 1961 3105 umi-

263 3131 456 3182 darum
479 3131 606 3198 equi
631 3131 788 3185 facile
821 3132 968 3184 inter
997 3131 1236 3197 virgulta
1270 3129 1535 3193 evadere3
1568 3133 1783 3182 nostros
1807 3146 1963 3198 aspe-

263 3207 398 3258 ritas
421 3208 480 3258 et
504 3206 791 3258 insolentia
815 3206 915 3258 loci
941 3205 1229 3258 retinebat.

369 3286 450 3332 51.
493 3281 747 3333 Ceterum
774 3281 942 3334 facies
967 3281 1137 3334 totius
1160 3281 1345 3349 negoti
1369 3280 1533 3348 varia,
1554 3280 1779 3347 incerta,
1797 3279 1964 3342 foeda¹
