<?xml version="1.0" encoding="UTF-8"?>
<!DOCTYPE html PUBLIC "-//W3C//DTD XHTML 1.0 Transitional//EN"
    "http://www.w3.org/TR/xhtml1/DTD/xhtml1-transitional.dtd">
<html xmlns="http://www.w3.org/1999/xhtml" xml:lang="en" lang="en">
 <head>
  <title>
</title>
<meta http-equiv="Content-Type" content="text/html;charset=utf-8" />
  <meta name='ocr-system' content='tesseract 3.04.00' />
  <meta name='ocr-capabilities' content='ocr_page ocr_carea ocr_par ocr_line ocrx_word'/>
</head>
<body>
  <div class='ocr_page' id='page_1' title='image "./catilinaetjugur01sallgoog_0028.png"; bbox 0 0 2269 3561; ppageno 0'>
   <div class='ocr_carea' id='block_1_1' title="bbox 234 179 1439 230">
    <p class='ocr_par' dir='ltr' id='par_1_1' title="bbox 234 179 1439 230">
     <span class='ocr_line' id='line_1_1' title="bbox 234 179 1439 230; baseline -0.001 -3"><span class='ocrx_word' id='word_1_1' title='bbox 234 182 293 230; x_wconf 80' lang='lat'>14</span> <span class='ocrx_word' id='word_1_2' title='bbox 723 181 779 229; x_wconf 88' lang='lat' dir='ltr'>C.</span> <span class='ocrx_word' id='word_1_3' title='bbox 818 180 1166 229; x_wconf 87' lang='lat' dir='ltr'>SALLUSTI</span> <span class='ocrx_word' id='word_1_4' title='bbox 1201 179 1439 228; x_wconf 83' lang='lat' dir='ltr'>CRISPI</span> 
     </span>
    </p>
   </div>
   <div class='ocr_carea' id='block_1_2' title="bbox 230 259 1972 3305">
    <p class='ocr_par' dir='ltr' id='par_1_2' title="bbox 230 259 1937 1092">
     <span class='ocr_line' id='line_1_2' title="bbox 230 259 1932 330; baseline -0.002 -15"><span class='ocrx_word' id='word_1_5' title='bbox 230 266 328 317; x_wconf 83' lang='lat' dir='ltr'>aut</span> <span class='ocrx_word' id='word_1_6' title='bbox 370 262 606 315; x_wconf 88' lang='lat' dir='ltr'>astutiae</span> <span class='ocrx_word' id='word_1_7' title='bbox 645 262 888 315; x_wconf 80' lang='lat' dir='ltr'>deerant.</span> <span class='ocrx_word' id='word_1_8' title='bbox 965 262 1219 329; x_wconf 85' lang='lat' dir='ltr'>Namque</span> <span class='ocrx_word' id='word_1_9' title='bbox 1248 278 1281 314; x_wconf 93' lang='lat' dir='ltr'>a</span> <span class='ocrx_word' id='word_1_10' title='bbox 1315 260 1582 330; x_wconf 89' lang='lat' dir='ltr'>principio</span> <span class='ocrx_word' id='word_1_11' title='bbox 1621 259 1932 313; x_wconf 87' lang='lat' dir='ltr'>consulatus</span> 
     </span>
     <span class='ocr_line' id='line_1_3' title="bbox 231 336 1931 406; baseline -0.002 -15"><span class='ocrx_word' id='word_1_12' title='bbox 231 338 315 391; x_wconf 90' lang='lat' dir='ltr'>sui</span> <span class='ocrx_word' id='word_1_13' title='bbox 341 338 514 391; x_wconf 83' lang='lat' dir='ltr'>multa</span> <span class='ocrx_word' id='word_1_14' title='bbox 537 338 843 405; x_wconf 85' lang='lat' dir='ltr'>pollicendo</span> <span class='ocrx_word' id='word_1_15' title='bbox 867 355 968 406; x_wconf 89' lang='lat' dir='ltr'>per</span> <span class='ocrx_word' id='word_1_16' title='bbox 996 337 1243 390; x_wconf 87' lang='lat' dir='ltr'>Fulviam</span> <span class='ocrx_word' id='word_1_17' title='bbox 1269 337 1528 390; x_wconf 86' lang='lat' dir='ltr'>effecerat</span> <span class='ocrx_word' id='word_1_18' title='bbox 1551 341 1615 389; x_wconf 94' lang='lat' dir='ltr'>ut</span> <span class='ocrx_word' id='word_1_19' title='bbox 1637 337 1697 400; x_wconf 80' lang='lat' dir='ltr'>Q.</span> <span class='ocrx_word' id='word_1_20' title='bbox 1719 336 1931 401; x_wconf 88' lang='lat' dir='ltr'>Curius,</span> 
     </span>
     <span class='ocr_line' id='line_1_4' title="bbox 232 411 1933 482; baseline -0.001 -15"><span class='ocrx_word' id='word_1_21' title='bbox 232 414 303 467; x_wconf 88' lang='lat' dir='ltr'>de</span> <span class='ocrx_word' id='word_1_22' title='bbox 344 431 449 482; x_wconf 92' lang='lat' dir='ltr'>quo</span> <span class='ocrx_word' id='word_1_23' title='bbox 496 414 655 482; x_wconf 91' lang='lat' dir='ltr'>paulo</span> <span class='ocrx_word' id='word_1_24' title='bbox 696 418 826 466; x_wconf 88' lang='lat' dir='ltr'>aute</span> <span class='ocrx_word' id='word_1_25' title='bbox 874 415 1187 481; x_wconf 85' lang='lat' dir='ltr'>memoravi,</span> <span class='ocrx_word' id='word_1_26' title='bbox 1236 413 1459 467; x_wconf 86' lang='lat' dir='ltr'>consilia</span> <span class='ocrx_word' id='word_1_27' title='bbox 1508 412 1778 465; x_wconf 78' lang='lat' dir='ltr'>Catilinae</span> <span class='ocrx_word' id='word_1_28' title='bbox 1826 411 1933 465; x_wconf 85' lang='lat' dir='ltr'>sibi</span> 
     </span>
     <span class='ocr_line' id='line_1_5' title="bbox 231 488 1934 558; baseline 0 -16"><span class='ocrx_word' id='word_1_29' title='bbox 231 491 505 558; x_wconf 75' lang='lat' dir='ltr'>proderet.</span> <span class='ocrx_word' id='word_1_30' title='bbox 579 490 671 542; x_wconf 87' lang='lat' dir='ltr'>Ad</span> <span class='ocrx_word' id='word_1_31' title='bbox 709 490 811 542; x_wconf 91' lang='lat' dir='ltr'>hoc</span> <span class='ocrx_word' id='word_1_32' title='bbox 850 490 1110 557; x_wconf 79' lang='lat' dir='ltr'>collegam</span> <span class='ocrx_word' id='word_1_33' title='bbox 1150 507 1306 542; x_wconf 88' lang='lat' dir='ltr'>suum</span> <span class='ocrx_word' id='word_1_34' title='bbox 1345 488 1644 541; x_wconf 88' lang='lat' dir='ltr'>Antonium</span> <span class='ocrx_word' id='word_1_35' title='bbox 1681 489 1934 556; x_wconf 83' lang='lat' dir='ltr'>pactione</span> 
     </span>
     <span class='ocr_line' id='line_1_6' title="bbox 231 564 1934 635; baseline 0 -17"><span class='ocrx_word' id='word_1_36' title='bbox 231 566 541 635; x_wconf 84' lang='lat' dir='ltr'>provinciae</span> <span class='ocrx_word' id='word_1_37' title='bbox 566 566 896 633; x_wconf 83' lang='lat' dir='ltr'>perpulerat,</span> <span class='ocrx_word' id='word_1_38' title='bbox 920 583 988 619; x_wconf 88' lang='lat' dir='ltr'>ne</span> <span class='ocrx_word' id='word_1_39' title='bbox 1013 570 1204 619; x_wconf 86' lang='lat' dir='ltr'>contra</span> <span class='ocrx_word' id='word_1_40' title='bbox 1229 583 1345 618; x_wconf 90' lang='lat' dir='ltr'>rem</span> <span class='ocrx_word' id='word_1_41' title='bbox 1370 564 1643 633; x_wconf 86' lang='lat' dir='ltr'>publicam</span> <span class='ocrx_word' id='word_1_42' title='bbox 1669 565 1934 629; x_wconf 83' lang='lat' dir='ltr'>sentiret3</span> 
     </span>
     <span class='ocr_line' id='line_1_7' title="bbox 233 641 1935 710; baseline 0.001 -17"><span class='ocrx_word' id='word_1_43' title='bbox 233 643 430 695; x_wconf 88' lang='lat' dir='ltr'>circum</span> <span class='ocrx_word' id='word_1_44' title='bbox 467 659 525 694; x_wconf 87' lang='lat' dir='ltr'>se</span> <span class='ocrx_word' id='word_1_45' title='bbox 566 642 834 710; x_wconf 84' lang='lat' dir='ltr'>praesidia</span> <span class='ocrx_word' id='word_1_46' title='bbox 871 643 1167 695; x_wconf 90' lang='lat' dir='ltr'>amicorum</span> <span class='ocrx_word' id='word_1_47' title='bbox 1199 645 1367 710; x_wconf 90' lang='lat' dir='ltr'>atque</span> <span class='ocrx_word' id='word_1_48' title='bbox 1405 641 1688 694; x_wconf 86' lang='lat' dir='ltr'>clientium</span> <span class='ocrx_word' id='word_1_49' title='bbox 1723 641 1935 694; x_wconf 82' lang='lat' dir='ltr'>occulte</span> 
     </span>
     <span class='ocr_line' id='line_1_8' title="bbox 231 717 1936 786; baseline 0.001 -16"><span class='ocrx_word' id='word_1_50' title='bbox 231 717 484 772; x_wconf 90' lang='lat' dir='ltr'>habebat.</span> <span class='ocrx_word' id='word_1_51' title='bbox 562 718 857 786; x_wconf 86' lang='lat' dir='ltr'>Postquam</span> <span class='ocrx_word' id='word_1_52' title='bbox 883 717 1001 770; x_wconf 91' lang='lat' dir='ltr'>dies</span> <span class='ocrx_word' id='word_1_53' title='bbox 1025 719 1366 771; x_wconf 88' lang='lat' dir='ltr'>comitiorum</span> <span class='ocrx_word' id='word_1_54' title='bbox 1390 719 1558 785; x_wconf 82' lang='lat' dir='ltr'>venit,</span> <span class='ocrx_word' id='word_1_55' title='bbox 1584 721 1643 771; x_wconf 90' lang='lat' dir='ltr'>et</span> <span class='ocrx_word' id='word_1_56' title='bbox 1668 717 1936 772; x_wconf 78' lang='lat' dir='ltr'>Catilinae</span> 
     </span>
     <span class='ocr_line' id='line_1_9' title="bbox 232 793 1935 863; baseline -0.001 -16"><span class='ocrx_word' id='word_1_57' title='bbox 232 811 410 861; x_wconf 89' lang='lat' dir='ltr'>neque</span> <span class='ocrx_word' id='word_1_58' title='bbox 453 794 648 863; x_wconf 89' lang='lat' dir='ltr'>petitio</span> <span class='ocrx_word' id='word_1_59' title='bbox 690 811 869 863; x_wconf 90' lang='lat' dir='ltr'>neque</span> <span class='ocrx_word' id='word_1_60' title='bbox 907 794 1153 860; x_wconf 83' lang='lat' dir='ltr'>insidiae,</span> <span class='ocrx_word' id='word_1_61' title='bbox 1194 811 1330 861; x_wconf 89' lang='lat' dir='ltr'>quas</span> <span class='ocrx_word' id='word_1_62' title='bbox 1377 795 1586 849; x_wconf 87' lang='lat' dir='ltr'>consuli</span> <span class='ocrx_word' id='word_1_63' title='bbox 1633 794 1688 847; x_wconf 93' lang='lat' dir='ltr'>in</span> <span class='ocrx_word' id='word_1_64' title='bbox 1728 793 1935 862; x_wconf 85' lang='lat' dir='ltr'>Campo</span> 
     </span>
     <span class='ocr_line' id='line_1_10' title="bbox 231 870 1936 939; baseline -0.001 -15"><span class='ocrx_word' id='word_1_65' title='bbox 231 871 456 938; x_wconf 84' lang='lat' dir='ltr'>fecerat,</span> <span class='ocrx_word' id='word_1_66' title='bbox 498 887 757 939; x_wconf 82' lang='lat' dir='ltr'>prospere</span> <span class='ocrx_word' id='word_1_67' title='bbox 805 887 1032 937; x_wconf 80' lang='lat' dir='ltr'>cessere,</span> <span class='ocrx_word' id='word_1_68' title='bbox 1081 871 1369 925; x_wconf 90' lang='lat' dir='ltr'>constituit</span> <span class='ocrx_word' id='word_1_69' title='bbox 1412 870 1614 924; x_wconf 89' lang='lat' dir='ltr'>bellum</span> <span class='ocrx_word' id='word_1_70' title='bbox 1662 871 1841 924; x_wconf 85' lang='lat' dir='ltr'>facere</span> <span class='ocrx_word' id='word_1_71' title='bbox 1877 874 1936 923; x_wconf 86' lang='lat' dir='ltr'>et</span> 
     </span>
     <span class='ocr_line' id='line_1_11' title="bbox 234 946 1937 1021; baseline -0.001 -21"><span class='ocrx_word' id='word_1_72' title='bbox 234 952 480 1001; x_wconf 83' lang='lat' dir='ltr'>extrema</span> <span class='ocrx_word' id='word_1_73' title='bbox 516 948 695 1000; x_wconf 89' lang='lat' dir='ltr'>omnia</span> <span class='ocrx_word' id='word_1_74' title='bbox 727 947 977 1015; x_wconf 86' lang='lat' dir='ltr'>experiri,</span> <span class='ocrx_word' id='word_1_75' title='bbox 1002 947 1256 1015; x_wconf 89' lang='lat' dir='ltr'>quoniam</span> <span class='ocrx_word' id='word_1_76' title='bbox 1288 963 1429 1015; x_wconf 88' lang='lat' dir='ltr'>quae</span> <span class='ocrx_word' id='word_1_77' title='bbox 1463 946 1673 1000; x_wconf 88' lang='lat' dir='ltr'>occulte</span> <span class='ocrx_word' id='word_1_78' title='bbox 1703 949 1937 1021; x_wconf 88' lang='lat' dir='ltr'>tempta-</span> 
     </span>
     <span class='ocr_line' id='line_1_12' title="bbox 235 1023 1230 1092; baseline 0 -17"><span class='ocrx_word' id='word_1_79' title='bbox 235 1028 389 1077; x_wconf 84' lang='lat' dir='ltr'>verat</span> <span class='ocrx_word' id='word_1_80' title='bbox 411 1040 604 1092; x_wconf 87' lang='lat' dir='ltr'>aspera</span> <span class='ocrx_word' id='word_1_81' title='bbox 626 1023 896 1091; x_wconf 85' lang='lat' dir='ltr'>foedaque</span> <span class='ocrx_word' id='word_1_82' title='bbox 922 1027 1230 1077; x_wconf 88' lang='lat' dir='ltr'>evenerant.</span> 
     </span>
    </p>

    <p class='ocr_par' dir='ltr' id='par_1_3' title="bbox 233 1099 1972 2385">
     <span class='ocr_line' id='line_1_13' title="bbox 336 1099 1937 1168; baseline -0.001 -15"><span class='ocrx_word' id='word_1_83' title='bbox 336 1106 417 1157; x_wconf 83' lang='lat'>27.</span> <span class='ocrx_word' id='word_1_84' title='bbox 500 1099 678 1167; x_wconf 87' lang='lat' dir='ltr'>Igitur</span> <span class='ocrx_word' id='word_1_85' title='bbox 704 1100 761 1153; x_wconf 85' lang='lat' dir='ltr'>O.</span> <span class='ocrx_word' id='word_1_86' title='bbox 786 1099 1050 1152; x_wconf 89' lang='lat' dir='ltr'>Manlium</span> <span class='ocrx_word' id='word_1_87' title='bbox 1085 1099 1347 1153; x_wconf 78' lang='lat' dir='ltr'>Faesulas</span> <span class='ocrx_word' id='word_1_88' title='bbox 1380 1103 1550 1168; x_wconf 90' lang='lat' dir='ltr'>atque</span> <span class='ocrx_word' id='word_1_89' title='bbox 1576 1099 1631 1152; x_wconf 91' lang='lat' dir='ltr'>in</span> <span class='ocrx_word' id='word_1_90' title='bbox 1657 1116 1777 1153; x_wconf 89' lang='lat' dir='ltr'>eam</span> <span class='ocrx_word' id='word_1_91' title='bbox 1813 1115 1937 1167; x_wconf 90' lang='lat' dir='ltr'>par-</span> 
     </span>
     <span class='ocr_line' id='line_1_14' title="bbox 233 1175 1972 1244; baseline 0 -16"><span class='ocrx_word' id='word_1_92' title='bbox 233 1181 348 1229; x_wconf 84' lang='lat' dir='ltr'>tem</span> <span class='ocrx_word' id='word_1_93' title='bbox 375 1176 644 1242; x_wconf 87' lang='lat' dir='ltr'>Etruriae,</span> <span class='ocrx_word' id='word_1_94' title='bbox 670 1175 993 1244; x_wconf 82' lang='lat' dir='ltr'>Septimium</span> <span class='ocrx_word' id='word_1_95' title='bbox 1019 1175 1293 1243; x_wconf 88' lang='lat' dir='ltr'>quendam</span> <span class='ocrx_word' id='word_1_96' title='bbox 1321 1175 1629 1229; x_wconf 86' lang='lat' dir='ltr'>Camertem</span> <span class='ocrx_word' id='word_1_97' title='bbox 1655 1175 1710 1228; x_wconf 90' lang='lat' dir='ltr'>in</span> <span class='ocrx_word' id='word_1_98' title='bbox 1746 1192 1936 1243; x_wconf 86' lang='lat' dir='ltr'>agrum</span> <span class='ocrx_word' id='word_1_99' title='bbox 1968 1207 1972 1210; x_wconf 57' lang='grc'><strong>«</strong></span> 
     </span>
     <span class='ocr_line' id='line_1_15' title="bbox 239 1251 1937 1320; baseline 0.001 -17"><span class='ocrx_word' id='word_1_100' title='bbox 239 1251 512 1319; x_wconf 83' lang='lat' dir='ltr'>Picenum,</span> <span class='ocrx_word' id='word_1_101' title='bbox 534 1252 591 1307; x_wconf 89' lang='lat' dir='ltr'>C.</span> <span class='ocrx_word' id='word_1_102' title='bbox 609 1252 646 1304; x_wconf 84' lang='lat' dir='ltr'>J</span> <span class='ocrx_word' id='word_1_103' title='bbox 649 1252 819 1304; x_wconf 88' lang='lat' dir='ltr'>ulium</span> <span class='ocrx_word' id='word_1_104' title='bbox 844 1252 899 1303; x_wconf 94' lang='lat' dir='ltr'>in</span> <span class='ocrx_word' id='word_1_105' title='bbox 923 1251 1182 1319; x_wconf 89' lang='lat' dir='ltr'>Apuliam</span> <span class='ocrx_word' id='word_1_106' title='bbox 1203 1251 1441 1316; x_wconf 84' lang='lat' dir='ltr'>dimisit3</span> <span class='ocrx_word' id='word_1_107' title='bbox 1462 1255 1750 1320; x_wconf 86' lang='lat' dir='ltr'>praeterea</span> <span class='ocrx_word' id='word_1_108' title='bbox 1773 1252 1937 1305; x_wconf 88' lang='lat' dir='ltr'>alium</span> 
     </span>
     <span class='ocr_line' id='line_1_16' title="bbox 237 1326 1939 1397; baseline 0.001 -18"><span class='ocrx_word' id='word_1_109' title='bbox 237 1329 355 1394; x_wconf 85' lang='lat' dir='ltr'>alio,</span> <span class='ocrx_word' id='word_1_110' title='bbox 380 1345 543 1397; x_wconf 92' lang='lat' dir='ltr'>quem</span> <span class='ocrx_word' id='word_1_111' title='bbox 566 1329 769 1395; x_wconf 88' lang='lat' dir='ltr'>ubique</span> <span class='ocrx_word' id='word_1_112' title='bbox 810 1332 1180 1395; x_wconf 86' lang='lat' dir='ltr'>opportunum</span> <span class='ocrx_word' id='word_1_113' title='bbox 1213 1326 1316 1380; x_wconf 87' lang='lat' dir='ltr'>sibi</span> <span class='ocrx_word' id='word_1_114' title='bbox 1351 1328 1470 1380; x_wconf 85' lang='lat' dir='ltr'>fore</span> <span class='ocrx_word' id='word_1_115' title='bbox 1495 1327 1773 1381; x_wconf 89' lang='lat' dir='ltr'>credebat.</span> <span class='ocrx_word' id='word_1_116' title='bbox 1848 1328 1939 1380; x_wconf 91' lang='lat' dir='ltr'>In-</span> 
     </span>
     <span class='ocr_line' id='line_1_17' title="bbox 236 1403 1937 1470; baseline 0.001 -14"><span class='ocrx_word' id='word_1_117' title='bbox 236 1408 390 1458; x_wconf 87' lang='lat' dir='ltr'>terea</span> <span class='ocrx_word' id='word_1_118' title='bbox 417 1405 620 1457; x_wconf 87' lang='lat' dir='ltr'>Romae</span> <span class='ocrx_word' id='word_1_119' title='bbox 644 1403 818 1456; x_wconf 86' lang='lat' dir='ltr'>multa</span> <span class='ocrx_word' id='word_1_120' title='bbox 836 1403 990 1455; x_wconf 89' lang='lat' dir='ltr'>simul</span> <span class='ocrx_word' id='word_1_121' title='bbox 1013 1403 1207 1470; x_wconf 88' lang='lat' dir='ltr'>moliri,</span> <span class='ocrx_word' id='word_1_122' title='bbox 1224 1404 1430 1456; x_wconf 88' lang='lat' dir='ltr'>consuli</span> <span class='ocrx_word' id='word_1_123' title='bbox 1448 1403 1675 1456; x_wconf 88' lang='lat' dir='ltr'>insidias</span> <span class='ocrx_word' id='word_1_124' title='bbox 1693 1404 1937 1469; x_wconf 90' lang='lat' dir='ltr'>tendere,</span> 
     </span>
     <span class='ocr_line' id='line_1_18' title="bbox 235 1479 1939 1548; baseline -0.001 -16"><span class='ocrx_word' id='word_1_125' title='bbox 235 1496 430 1548; x_wconf 88' lang='lat' dir='ltr'>parare</span> <span class='ocrx_word' id='word_1_126' title='bbox 453 1479 717 1547; x_wconf 87' lang='lat' dir='ltr'>incendia,</span> <span class='ocrx_word' id='word_1_127' title='bbox 743 1483 1049 1547; x_wconf 90' lang='lat' dir='ltr'>opportuna</span> <span class='ocrx_word' id='word_1_128' title='bbox 1071 1479 1190 1532; x_wconf 88' lang='lat' dir='ltr'>loca</span> <span class='ocrx_word' id='word_1_129' title='bbox 1213 1479 1440 1532; x_wconf 89' lang='lat' dir='ltr'>armatis</span> <span class='ocrx_word' id='word_1_130' title='bbox 1466 1479 1773 1533; x_wconf 89' lang='lat' dir='ltr'>hominibus</span> <span class='ocrx_word' id='word_1_131' title='bbox 1798 1480 1939 1533; x_wconf 85' lang='lat' dir='ltr'>obsi-</span> 
     </span>
     <span class='ocr_line' id='line_1_19' title="bbox 237 1554 1939 1625; baseline 0 -17"><span class='ocrx_word' id='word_1_132' title='bbox 237 1557 385 1620; x_wconf 88' lang='lat' dir='ltr'>dere,</span> <span class='ocrx_word' id='word_1_133' title='bbox 410 1557 527 1625; x_wconf 90' lang='lat' dir='ltr'>ipse</span> <span class='ocrx_word' id='word_1_134' title='bbox 566 1572 688 1608; x_wconf 90' lang='lat' dir='ltr'>cum</span> <span class='ocrx_word' id='word_1_135' title='bbox 727 1555 836 1608; x_wconf 92' lang='lat' dir='ltr'>telo</span> <span class='ocrx_word' id='word_1_136' title='bbox 876 1570 1010 1618; x_wconf 87' lang='lat' dir='ltr'>esse,</span> <span class='ocrx_word' id='word_1_137' title='bbox 1036 1554 1170 1607; x_wconf 87' lang='lat' dir='ltr'>item</span> <span class='ocrx_word' id='word_1_138' title='bbox 1203 1555 1338 1607; x_wconf 89' lang='lat' dir='ltr'>alios</span> <span class='ocrx_word' id='word_1_139' title='bbox 1366 1554 1580 1622; x_wconf 86' lang='lat' dir='ltr'>jubere,</span> <span class='ocrx_word' id='word_1_140' title='bbox 1615 1555 1822 1608; x_wconf 88' lang='lat' dir='ltr'>hortari</span> <span class='ocrx_word' id='word_1_141' title='bbox 1857 1557 1939 1608; x_wconf 90' lang='lat' dir='ltr'>uti</span> 
     </span>
     <span class='ocr_line' id='line_1_20' title="bbox 238 1630 1939 1701; baseline 0 -18"><span class='ocrx_word' id='word_1_142' title='bbox 238 1649 454 1701; x_wconf 85' lang='lat' dir='ltr'>semper</span> <span class='ocrx_word' id='word_1_143' title='bbox 491 1631 689 1685; x_wconf 87' lang='lat' dir='ltr'>intenti</span> <span class='ocrx_word' id='word_1_144' title='bbox 727 1630 1014 1700; x_wconf 87' lang='lat' dir='ltr'>paratique</span> <span class='ocrx_word' id='word_1_145' title='bbox 1057 1634 1259 1695; x_wconf 90' lang='lat' dir='ltr'>essent,</span> <span class='ocrx_word' id='word_1_146' title='bbox 1303 1630 1422 1683; x_wconf 86' lang='lat' dir='ltr'>dies</span> <span class='ocrx_word' id='word_1_147' title='bbox 1465 1630 1760 1699; x_wconf 85' lang='lat' dir='ltr'>noctisque.</span> <span class='ocrx_word' id='word_1_148' title='bbox 1789 1632 1939 1685; x_wconf 84' lang='lat' dir='ltr'>festi-</span> 
     </span>
     <span class='ocr_line' id='line_1_21' title="bbox 237 1707 1940 1776; baseline 0.001 -16"><span class='ocrx_word' id='word_1_149' title='bbox 237 1726 381 1775; x_wconf 87' lang='lat' dir='ltr'>nare,</span> <span class='ocrx_word' id='word_1_150' title='bbox 424 1708 664 1775; x_wconf 86' lang='lat' dir='ltr'>vigilare,</span> <span class='ocrx_word' id='word_1_151' title='bbox 707 1725 886 1776; x_wconf 89' lang='lat' dir='ltr'>neque</span> <span class='ocrx_word' id='word_1_152' title='bbox 924 1708 1205 1760; x_wconf 88' lang='lat' dir='ltr'>insomniis</span> <span class='ocrx_word' id='word_1_153' title='bbox 1250 1724 1426 1775; x_wconf 88' lang='lat' dir='ltr'>neque</span> <span class='ocrx_word' id='word_1_154' title='bbox 1468 1707 1656 1760; x_wconf 90' lang='lat' dir='ltr'>labore</span> <span class='ocrx_word' id='word_1_155' title='bbox 1703 1708 1940 1776; x_wconf 84' lang='lat' dir='ltr'>fatigari.</span> 
     </span>
     <span class='ocr_line' id='line_1_22' title="bbox 243 1784 1940 1852; baseline 0 -15"><span class='ocrx_word' id='word_1_156' title='bbox 243 1787 523 1841; x_wconf 89' lang='lat' dir='ltr'>Postremo</span> <span class='ocrx_word' id='word_1_157' title='bbox 565 1784 661 1838; x_wconf 91' lang='lat' dir='ltr'>ubi</span> <span class='ocrx_word' id='word_1_158' title='bbox 698 1785 871 1838; x_wconf 87' lang='lat' dir='ltr'>multa</span> <span class='ocrx_word' id='word_1_159' title='bbox 909 1784 1144 1852; x_wconf 83' lang='lat' dir='ltr'>agitanti</span> <span class='ocrx_word' id='word_1_160' title='bbox 1185 1784 1317 1836; x_wconf 86' lang='lat' dir='ltr'>nihil</span> <span class='ocrx_word' id='word_1_161' title='bbox 1356 1784 1620 1852; x_wconf 89' lang='lat' dir='ltr'>procedit,</span> <span class='ocrx_word' id='word_1_162' title='bbox 1647 1802 1837 1837; x_wconf 88' lang='lat' dir='ltr'>rursus</span> <span class='ocrx_word' id='word_1_163' title='bbox 1859 1786 1940 1838; x_wconf 88' lang='lat' dir='ltr'>in-</span> 
     </span>
     <span class='ocr_line' id='line_1_23' title="bbox 240 1860 1941 1931; baseline -0.001 -16"><span class='ocrx_word' id='word_1_164' title='bbox 240 1865 514 1931; x_wconf 87' lang='lat' dir='ltr'>tempesta</span> <span class='ocrx_word' id='word_1_165' title='bbox 559 1865 719 1915; x_wconf 86' lang='lat' dir='ltr'>nocte</span> <span class='ocrx_word' id='word_1_166' title='bbox 767 1860 1157 1928; x_wconf 86' lang='lat' dir='ltr'>conjurationis</span> <span class='ocrx_word' id='word_1_167' title='bbox 1203 1860 1478 1930; x_wconf 89' lang='lat' dir='ltr'>principes</span> <span class='ocrx_word' id='word_1_168' title='bbox 1526 1865 1783 1914; x_wconf 89' lang='lat' dir='ltr'>convocat</span> <span class='ocrx_word' id='word_1_169' title='bbox 1841 1879 1941 1929; x_wconf 88' lang='lat' dir='ltr'>per</span> 
     </span>
     <span class='ocr_line' id='line_1_24' title="bbox 241 1936 1940 2005; baseline 0.001 -14"><span class='ocrx_word' id='word_1_170' title='bbox 241 1940 312 1991; x_wconf 89' lang='lat' dir='ltr'>M.</span> <span class='ocrx_word' id='word_1_171' title='bbox 362 1938 609 1991; x_wconf 85' lang='lat' dir='ltr'>Porcium</span> <span class='ocrx_word' id='word_1_172' title='bbox 649 1938 902 2004; x_wconf 87' lang='lat' dir='ltr'>Laecam,</span> <span class='ocrx_word' id='word_1_173' title='bbox 941 1936 1129 2005; x_wconf 86' lang='lat' dir='ltr'>ibique</span> <span class='ocrx_word' id='word_1_174' title='bbox 1170 1937 1343 1991; x_wconf 88' lang='lat' dir='ltr'>multa</span> <span class='ocrx_word' id='word_1_175' title='bbox 1387 1938 1458 1992; x_wconf 90' lang='lat' dir='ltr'>de</span> <span class='ocrx_word' id='word_1_176' title='bbox 1498 1938 1713 2005; x_wconf 83' lang='lat' dir='ltr'>ignavia</span> <span class='ocrx_word' id='word_1_177' title='bbox 1751 1955 1940 1992; x_wconf 90' lang='lat' dir='ltr'>eorum</span> 
     </span>
     <span class='ocr_line' id='line_1_25' title="bbox 239 2013 1941 2081; baseline 0.001 -15"><span class='ocrx_word' id='word_1_178' title='bbox 239 2019 465 2081; x_wconf 83' lang='lat' dir='ltr'>questus</span> <span class='ocrx_word' id='word_1_179' title='bbox 489 2014 651 2068; x_wconf 88' lang='lat' dir='ltr'>docet</span> <span class='ocrx_word' id='word_1_180' title='bbox 684 2032 743 2067; x_wconf 86' lang='lat' dir='ltr'>sc</span> <span class='ocrx_word' id='word_1_181' title='bbox 771 2013 1032 2067; x_wconf 88' lang='lat' dir='ltr'>Manlium</span> <span class='ocrx_word' id='word_1_182' title='bbox 1069 2014 1419 2081; x_wconf 77' lang='lat' dir='ltr'>praemisisse</span> <span class='ocrx_word' id='word_1_183' title='bbox 1444 2014 1517 2067; x_wconf 86' lang='lat' dir='ltr'>ad</span> <span class='ocrx_word' id='word_1_184' title='bbox 1542 2031 1661 2067; x_wconf 89' lang='lat' dir='ltr'>eam</span> <span class='ocrx_word' id='word_1_185' title='bbox 1693 2015 1941 2070; x_wconf 86' lang='lat' dir='ltr'>multitu-</span> 
     </span>
     <span class='ocr_line' id='line_1_26' title="bbox 240 2089 1940 2158; baseline 0.002 -16"><span class='ocrx_word' id='word_1_186' title='bbox 240 2091 440 2158; x_wconf 82' lang='lat' dir='ltr'>dinem,</span> <span class='ocrx_word' id='word_1_187' title='bbox 465 2108 629 2158; x_wconf 89' lang='lat' dir='ltr'>quam</span> <span class='ocrx_word' id='word_1_188' title='bbox 653 2091 726 2144; x_wconf 91' lang='lat' dir='ltr'>ad</span> <span class='ocrx_word' id='word_1_189' title='bbox 749 2089 1019 2158; x_wconf 86' lang='lat' dir='ltr'>capiunda</span> <span class='ocrx_word' id='word_1_190' title='bbox 1042 2106 1195 2143; x_wconf 87' lang='lat' dir='ltr'>arma</span> <span class='ocrx_word' id='word_1_191' title='bbox 1225 2096 1531 2158; x_wconf 86' lang='lat' dir='ltr'>paraverat,</span> <span class='ocrx_word' id='word_1_192' title='bbox 1555 2091 1690 2144; x_wconf 84' lang='lat' dir='ltr'>item</span> <span class='ocrx_word' id='word_1_193' title='bbox 1716 2092 1849 2145; x_wconf 87' lang='lat' dir='ltr'>alios</span> <span class='ocrx_word' id='word_1_194' title='bbox 1883 2092 1940 2145; x_wconf 89' lang='lat' dir='ltr'>in</span> 
     </span>
     <span class='ocr_line' id='line_1_27' title="bbox 239 2165 1941 2235; baseline 0.001 -16"><span class='ocrx_word' id='word_1_195' title='bbox 239 2167 343 2220; x_wconf 86' lang='lat' dir='ltr'>alia</span> <span class='ocrx_word' id='word_1_196' title='bbox 366 2168 484 2220; x_wconf 90' lang='lat' dir='ltr'>loca</span> <span class='ocrx_word' id='word_1_197' title='bbox 508 2171 814 2235; x_wconf 90' lang='lat' dir='ltr'>opportuna</span> <span class='ocrx_word' id='word_1_198' title='bbox 838 2167 931 2233; x_wconf 90' lang='lat' dir='ltr'>qui</span> <span class='ocrx_word' id='word_1_199' title='bbox 968 2165 1187 2218; x_wconf 85' lang='lat' dir='ltr'>initium</span> <span class='ocrx_word' id='word_1_200' title='bbox 1225 2165 1354 2219; x_wconf 88' lang='lat' dir='ltr'>belli</span> <span class='ocrx_word' id='word_1_201' title='bbox 1378 2166 1636 2232; x_wconf 87' lang='lat' dir='ltr'>facerent,</span> <span class='ocrx_word' id='word_1_202' title='bbox 1663 2183 1833 2235; x_wconf 86' lang='lat' dir='ltr'>seque</span> <span class='ocrx_word' id='word_1_203' title='bbox 1868 2168 1941 2221; x_wconf 90' lang='lat' dir='ltr'>ad</span> 
     </span>
     <span class='ocr_line' id='line_1_28' title="bbox 239 2241 1942 2312; baseline 0.001 -16"><span class='ocrx_word' id='word_1_204' title='bbox 239 2244 539 2298; x_wconf 84' lang='lat' dir='ltr'>exercitum</span> <span class='ocrx_word' id='word_1_205' title='bbox 576 2242 845 2312; x_wconf 88' lang='lat' dir='ltr'>proficisci</span> <span class='ocrx_word' id='word_1_206' title='bbox 877 2258 1090 2308; x_wconf 90' lang='lat' dir='ltr'>cupere,</span> <span class='ocrx_word' id='word_1_207' title='bbox 1115 2242 1160 2293; x_wconf 90' lang='lat' dir='ltr'>si</span> <span class='ocrx_word' id='word_1_208' title='bbox 1193 2242 1344 2309; x_wconf 88' lang='lat' dir='ltr'>prius</span> <span class='ocrx_word' id='word_1_209' title='bbox 1379 2241 1695 2295; x_wconf 89' lang='lat' dir='ltr'>Ciceronem</span> <span class='ocrx_word' id='word_1_210' title='bbox 1720 2259 1942 2312; x_wconf 87' lang='lat' dir='ltr'>oppres-</span> 
     </span>
     <span class='ocr_line' id='line_1_29' title="bbox 239 2316 1501 2385; baseline 0.002 -13"><span class='ocrx_word' id='word_1_211' title='bbox 239 2321 431 2385; x_wconf 83' lang='lat' dir='ltr'>sisset3</span> <span class='ocrx_word' id='word_1_212' title='bbox 467 2336 588 2372; x_wconf 86' lang='lat' dir='ltr'>eum</span> <span class='ocrx_word' id='word_1_213' title='bbox 616 2319 726 2371; x_wconf 91' lang='lat' dir='ltr'>suis</span> <span class='ocrx_word' id='word_1_214' title='bbox 752 2317 985 2370; x_wconf 88' lang='lat' dir='ltr'>consiliis</span> <span class='ocrx_word' id='word_1_215' title='bbox 1011 2316 1245 2369; x_wconf 88' lang='lat' dir='ltr'>multum</span> <span class='ocrx_word' id='word_1_216' title='bbox 1271 2318 1501 2375; x_wconf 89' lang='lat' dir='ltr'>officere.</span> 
     </span>
    </p>

    <p class='ocr_par' dir='ltr' id='par_1_4' title="bbox 238 2392 1949 3305">
     <span class='ocr_line' id='line_1_30' title="bbox 343 2392 1944 2463; baseline 0.001 -13"><span class='ocrx_word' id='word_1_217' title='bbox 343 2403 424 2450; x_wconf 83' lang='lat'>28.</span> <span class='ocrx_word' id='word_1_218' title='bbox 476 2395 656 2463; x_wconf 84' lang='lat' dir='ltr'>Igitur</span> <span class='ocrx_word' id='word_1_219' title='bbox 680 2394 989 2462; x_wconf 48' lang='lat' dir='ltr'>perterritis</span> <span class='ocrx_word' id='word_1_220' title='bbox 1014 2409 1077 2446; x_wconf 93' lang='lat' dir='ltr'>ac</span> <span class='ocrx_word' id='word_1_221' title='bbox 1102 2392 1487 2449; x_wconf 87' lang='lat' dir='ltr'>dubitantibus</span> <span class='ocrx_word' id='word_1_222' title='bbox 1511 2398 1711 2452; x_wconf 87' lang='lat' dir='ltr'>ceteris</span> <span class='ocrx_word' id='word_1_223' title='bbox 1737 2398 1795 2452; x_wconf 91' lang='lat' dir='ltr'>C.</span> <span class='ocrx_word' id='word_1_224' title='bbox 1812 2398 1944 2451; x_wconf 86' lang='lat' dir='ltr'>Cor-</span> 
     </span>
     <span class='ocr_line' id='line_1_31' title="bbox 239 2471 1942 2541; baseline 0 -15"><span class='ocrx_word' id='word_1_225' title='bbox 239 2473 413 2526; x_wconf 88' lang='lat' dir='ltr'>nelius</span> <span class='ocrx_word' id='word_1_226' title='bbox 446 2488 616 2539; x_wconf 90' lang='lat' dir='ltr'>eques</span> <span class='ocrx_word' id='word_1_227' title='bbox 654 2471 928 2523; x_wconf 84' lang='lat' dir='ltr'>Romanus</span> <span class='ocrx_word' id='word_1_228' title='bbox 964 2486 1185 2537; x_wconf 87' lang='lat' dir='ltr'>operam</span> <span class='ocrx_word' id='word_1_229' title='bbox 1222 2486 1375 2523; x_wconf 89' lang='lat' dir='ltr'>suam</span> <span class='ocrx_word' id='word_1_230' title='bbox 1410 2474 1697 2541; x_wconf 85' lang='lat' dir='ltr'>pollicitus,</span> <span class='ocrx_word' id='word_1_231' title='bbox 1729 2479 1788 2528; x_wconf 88' lang='lat' dir='ltr'>et</span> <span class='ocrx_word' id='word_1_232' title='bbox 1819 2491 1942 2528; x_wconf 89' lang='lat' dir='ltr'>cum</span> 
     </span>
     <span class='ocr_line' id='line_1_32' title="bbox 240 2547 1943 2620; baseline 0 -18"><span class='ocrx_word' id='word_1_233' title='bbox 240 2566 304 2602; x_wconf 85' lang='lat' dir='ltr'>eo</span> <span class='ocrx_word' id='word_1_234' title='bbox 343 2549 402 2601; x_wconf 88' lang='lat' dir='ltr'>L.</span> <span class='ocrx_word' id='word_1_235' title='bbox 431 2547 803 2613; x_wconf 85' lang='lat' dir='ltr'>Vargunteius</span> <span class='ocrx_word' id='word_1_236' title='bbox 841 2553 1074 2611; x_wconf 84' lang='lat' dir='ltr'>senator,</span> <span class='ocrx_word' id='word_1_237' title='bbox 1113 2547 1449 2602; x_wconf 86' lang='lat' dir='ltr'>constituere</span> <span class='ocrx_word' id='word_1_238' title='bbox 1488 2567 1554 2603; x_wconf 93' lang='lat' dir='ltr'>ea</span> <span class='ocrx_word' id='word_1_239' title='bbox 1587 2554 1749 2605; x_wconf 89' lang='lat' dir='ltr'>nocte</span> <span class='ocrx_word' id='word_1_240' title='bbox 1783 2551 1943 2620; x_wconf 85' lang='lat' dir='ltr'>paulo</span> 
     </span>
     <span class='ocr_line' id='line_1_33' title="bbox 239 2620 1943 2692; baseline 0.002 -15"><span class='ocrx_word' id='word_1_241' title='bbox 239 2629 365 2692; x_wconf 89' lang='lat' dir='ltr'>post</span> <span class='ocrx_word' id='word_1_242' title='bbox 400 2640 522 2676; x_wconf 92' lang='lat' dir='ltr'>cum</span> <span class='ocrx_word' id='word_1_243' title='bbox 560 2622 788 2676; x_wconf 84' lang='lat' dir='ltr'>armatis</span> <span class='ocrx_word' id='word_1_244' title='bbox 831 2620 1138 2674; x_wconf 89' lang='lat' dir='ltr'>hominibus</span> <span class='ocrx_word' id='word_1_245' title='bbox 1179 2623 1337 2676; x_wconf 80' lang='lat' dir='ltr'>sicuti</span> <span class='ocrx_word' id='word_1_246' title='bbox 1380 2625 1675 2680; x_wconf 85' lang='lat' dir='ltr'>salutatum</span> <span class='ocrx_word' id='word_1_247' title='bbox 1716 2628 1943 2680; x_wconf 89' lang='lat' dir='ltr'>introire</span> 
     </span>
     <span class='ocr_line' id='line_1_34' title="bbox 239 2697 1944 2771; baseline 0.001 -17"><span class='ocrx_word' id='word_1_248' title='bbox 239 2704 312 2753; x_wconf 78' lang='lat' dir='ltr'>ad</span> <span class='ocrx_word' id='word_1_249' title='bbox 356 2701 670 2754; x_wconf 88' lang='lat' dir='ltr'>Ciceronem</span> <span class='ocrx_word' id='word_1_250' title='bbox 718 2715 780 2751; x_wconf 89' lang='lat' dir='ltr'>ac</span> <span class='ocrx_word' id='word_1_251' title='bbox 819 2698 887 2751; x_wconf 91' lang='lat' dir='ltr'>de</span> <span class='ocrx_word' id='word_1_252' title='bbox 930 2697 1221 2764; x_wconf 83' lang='lat' dir='ltr'>improviso</span> <span class='ocrx_word' id='word_1_253' title='bbox 1261 2698 1408 2753; x_wconf 89' lang='lat' dir='ltr'>domi</span> <span class='ocrx_word' id='word_1_254' title='bbox 1448 2719 1577 2755; x_wconf 91' lang='lat' dir='ltr'>suae</span> <span class='ocrx_word' id='word_1_255' title='bbox 1617 2704 1944 2771; x_wconf 85' lang='lat' dir='ltr'>imparatum</span> 
     </span>
     <span class='ocr_line' id='line_1_35' title="bbox 239 2773 1945 2847; baseline -0.001 -16"><span class='ocrx_word' id='word_1_256' title='bbox 239 2777 543 2831; x_wconf 87' lang='lat' dir='ltr'>confodere.</span> <span class='ocrx_word' id='word_1_257' title='bbox 626 2776 821 2828; x_wconf 89' lang='lat' dir='ltr'>Curius</span> <span class='ocrx_word' id='word_1_258' title='bbox 869 2773 960 2826; x_wconf 85' lang='lat' dir='ltr'>ubi</span> <span class='ocrx_word' id='word_1_259' title='bbox 1010 2773 1283 2841; x_wconf 85' lang='lat' dir='ltr'>intellegit</span> <span class='ocrx_word' id='word_1_260' title='bbox 1331 2782 1596 2844; x_wconf 88' lang='lat' dir='ltr'>quantum</span> <span class='ocrx_word' id='word_1_261' title='bbox 1645 2779 1945 2847; x_wconf 86' lang='lat' dir='ltr'>periculum</span> 
     </span>
     <span class='ocr_line' id='line_1_36' title="bbox 239 2850 1944 2921; baseline -0.001 -14"><span class='ocrx_word' id='word_1_262' title='bbox 239 2854 443 2907; x_wconf 89' lang='lat' dir='ltr'>consuli</span> <span class='ocrx_word' id='word_1_263' title='bbox 472 2852 804 2921; x_wconf 87' lang='lat' dir='ltr'>impendeat,</span> <span class='ocrx_word' id='word_1_264' title='bbox 831 2865 1065 2919; x_wconf 87' lang='lat' dir='ltr'>propere</span> <span class='ocrx_word' id='word_1_265' title='bbox 1090 2865 1190 2915; x_wconf 89' lang='lat' dir='ltr'>per</span> <span class='ocrx_word' id='word_1_266' title='bbox 1215 2850 1463 2905; x_wconf 84' lang='lat' dir='ltr'>Fulviam</span> <span class='ocrx_word' id='word_1_267' title='bbox 1491 2854 1735 2908; x_wconf 88' lang='lat' dir='ltr'>Ciceroni</span> <span class='ocrx_word' id='word_1_268' title='bbox 1759 2854 1944 2907; x_wconf 88' lang='lat' dir='ltr'>dolum</span> 
     </span>
     <span class='ocr_line' id='line_1_37' title="bbox 240 2924 1944 2999; baseline -0.001 -16"><span class='ocrx_word' id='word_1_269' title='bbox 240 2930 333 2998; x_wconf 92' lang='lat' dir='ltr'>qui</span> <span class='ocrx_word' id='word_1_270' title='bbox 358 2929 654 2999; x_wconf 90' lang='lat' dir='ltr'>parabatur</span> <span class='ocrx_word' id='word_1_271' title='bbox 679 2929 939 2980; x_wconf 83' lang='lat' dir='ltr'>enuntiat.</span> <span class='ocrx_word' id='word_1_272' title='bbox 1021 2924 1107 2977; x_wconf 87' lang='lat' dir='ltr'>lta</span> <span class='ocrx_word' id='word_1_273' title='bbox 1133 2925 1214 2978; x_wconf 90' lang='lat' dir='ltr'>illi</span> <span class='ocrx_word' id='word_1_274' title='bbox 1236 2926 1408 2994; x_wconf 86' lang='lat' dir='ltr'>janua</span> <span class='ocrx_word' id='word_1_275' title='bbox 1436 2930 1698 2999; x_wconf 89' lang='lat' dir='ltr'>prohibiti</span> <span class='ocrx_word' id='word_1_276' title='bbox 1727 2935 1944 2984; x_wconf 85' lang='lat' dir='ltr'>tantum</span> 
     </span>
     <span class='ocr_line' id='line_1_38' title="bbox 238 3004 1947 3070; baseline 0.001 -11"><span class='ocrx_word' id='word_1_277' title='bbox 238 3007 445 3059; x_wconf 71' lang='lat' dir='ltr'>facinus</span> <span class='ocrx_word' id='word_1_278' title='bbox 470 3006 677 3058; x_wconf 85' lang='lat' dir='ltr'>frustra</span> <span class='ocrx_word' id='word_1_279' title='bbox 702 3005 1067 3070; x_wconf 80' lang='lat' dir='ltr'>susceperant.</span> <span class='ocrx_word' id='word_1_280' title='bbox 1134 3004 1354 3056; x_wconf 88' lang='lat' dir='ltr'>Interea</span> <span class='ocrx_word' id='word_1_281' title='bbox 1379 3006 1615 3059; x_wconf 85' lang='lat' dir='ltr'>Manlius</span> <span class='ocrx_word' id='word_1_282' title='bbox 1641 3007 1696 3059; x_wconf 90' lang='lat' dir='ltr'>in</span> <span class='ocrx_word' id='word_1_283' title='bbox 1723 3007 1947 3061; x_wconf 86' lang='lat' dir='ltr'>Etruria</span> 
     </span>
     <span class='ocr_line' id='line_1_39' title="bbox 239 3078 1947 3151; baseline 0.001 -17"><span class='ocrx_word' id='word_1_284' title='bbox 239 3082 455 3149; x_wconf 88' lang='lat' dir='ltr'>plebem</span> <span class='ocrx_word' id='word_1_285' title='bbox 487 3080 796 3146; x_wconf 87' lang='lat' dir='ltr'>sollicitare,</span> <span class='ocrx_word' id='word_1_286' title='bbox 824 3080 1070 3145; x_wconf 83' lang='lat' dir='ltr'>egestate</span> <span class='ocrx_word' id='word_1_287' title='bbox 1104 3078 1266 3132; x_wconf 89' lang='lat' dir='ltr'>simul</span> <span class='ocrx_word' id='word_1_288' title='bbox 1296 3097 1359 3133; x_wconf 89' lang='lat' dir='ltr'>ac</span> <span class='ocrx_word' id='word_1_289' title='bbox 1389 3080 1576 3135; x_wconf 89' lang='lat' dir='ltr'>dolore</span> <span class='ocrx_word' id='word_1_290' title='bbox 1601 3083 1833 3151; x_wconf 88' lang='lat' dir='ltr'>injuriae</span> <span class='ocrx_word' id='word_1_291' title='bbox 1857 3100 1947 3136; x_wconf 91' lang='lat' dir='ltr'>no-</span> 
     </span>
     <span class='ocr_line' id='line_1_40' title="bbox 240 3152 1947 3226; baseline 0.001 -15"><span class='ocrx_word' id='word_1_292' title='bbox 240 3175 429 3211; x_wconf 85' lang='lat' dir='ltr'>varum</span> <span class='ocrx_word' id='word_1_293' title='bbox 463 3173 644 3209; x_wconf 86' lang='lat' dir='ltr'>rerum</span> <span class='ocrx_word' id='word_1_294' title='bbox 680 3155 952 3224; x_wconf 89' lang='lat' dir='ltr'>cupidam,</span> <span class='ocrx_word' id='word_1_295' title='bbox 988 3152 1138 3219; x_wconf 86' lang='lat' dir='ltr'>quod</span> <span class='ocrx_word' id='word_1_296' title='bbox 1172 3154 1353 3210; x_wconf 83' lang='lat' dir='ltr'>Sullae</span> <span class='ocrx_word' id='word_1_297' title='bbox 1386 3157 1755 3212; x_wconf 88' lang='lat' dir='ltr'>dominatione</span> <span class='ocrx_word' id='word_1_298' title='bbox 1787 3175 1947 3226; x_wconf 87' lang='lat' dir='ltr'>agros</span> 
     </span>
     <span class='ocr_line' id='line_1_41' title="bbox 239 3230 1949 3305; baseline 0.001 -18"><span class='ocrx_word' id='word_1_299' title='bbox 239 3234 490 3301; x_wconf 89' lang='lat' dir='ltr'>bonaque</span> <span class='ocrx_word' id='word_1_300' title='bbox 531 3233 712 3287; x_wconf 88' lang='lat' dir='ltr'>omnia</span> <span class='ocrx_word' id='word_1_301' title='bbox 751 3230 1027 3293; x_wconf 81' lang='lat' dir='ltr'>amiserat,</span> <span class='ocrx_word' id='word_1_302' title='bbox 1065 3235 1357 3296; x_wconf 80' lang='lat' dir='ltr'>praeterea</span> <span class='ocrx_word' id='word_1_303' title='bbox 1399 3234 1640 3290; x_wconf 87' lang='lat' dir='ltr'>latrones</span> <span class='ocrx_word' id='word_1_304' title='bbox 1681 3235 1949 3305; x_wconf 77' lang='lat' dir='ltr'>cujusque</span> 
     </span>
    </p>
   </div>
  </div>
 </body>
</html>
