2269 3561
109 944 219 978 >2111

951 187 986 235 J
991 185 1245 236 UGURT
1255 187 1371 235 HA.
1955 193 2015 240 43

304 268 514 334 tuaque
548 264 755 319 virtute
790 266 947 320 nobis
985 267 1262 320 Romanos
1304 283 1371 320 ex
1416 266 1606 320 amicis
1642 267 2015 322 amicissumos

302 340 515 406 fecisti3
550 341 607 394 in
634 342 901 411 Hispania
923 359 1119 397 nomen
1146 344 1385 396 familiae
1410 349 1728 396 renovatum
1754 348 1841 397 est
1856 366 1869 410 3
1894 361 2014 412 pos-

304 422 497 486 trem0,
529 419 677 486 quod
714 419 1107 472 difficillumum
1138 420 1284 472 inter
1313 419 1559 471 mortalis
1596 424 1695 480 est,
1727 420 1901 487 gloria
1936 421 2014 474 iu-

302 495 504 557 vidiam
540 495 730 565 vicisti.
802 496 853 548 N
859 513 976 562 unc,
1002 498 1258 564 quoniam
1289 496 1420 548 mihi
1454 501 1650 549 natura
1675 496 1839 549 finem
1865 497 2013 550 vitae

288 566 449 638 facit,
483 562 611 641 per*
623 572 761 625 hanc
801 572 1100 636 dexteram,
1139 590 1240 642 per
1280 573 1435 640 regni
1474 573 1638 626 fidem
1683 590 1877 627 moneo
1916 574 2012 626 ob-

301 651 602 717 testorque,
635 654 700 702 ut
736 649 850 718 hos,
890 650 984 718 qui
1020 649 1122 703 tibi
1161 666 1364 718 genere
1398 650 1705 723 propinqui,
1745 649 2011 704 beneficio
2066 670 2084 697 ι

301 742 423 778 111εο
459 726 661 779 fratres
699 730 841 793 sunt,
880 743 1034 780 caros
1069 727 1290 794 habeaS,
1335 743 1443 779 neu
1482 727 1640 779 malis
1677 727 1881 780 alienos
1917 727 2007 780 ad·

293 800 527 872 jungere
565 819 731 871 quam
768 804 1028 871 sanguine
1068 803 1389 872 conjunctos
1425 804 1681 856 retinere.
1753 803 1878 857 Non
1916 820 2009 856 ex·

299 879 505 932 ercitus
524 896 705 948 neque
720 880 967 932 thesauri
987 881 1264 949 praesidia
1281 881 1436 948 regni
1458 884 1601 947 sunt,
1623 897 1812 932 verum
1828 881 2003 947 amici,

299 973 436 1023 quos
480 973 660 1024 neque
701 957 866 1009 armis
910 974 1105 1024 cogere
1151 974 1330 1025 neque
1374 973 1507 1010 auro
1551 973 1747 1025 parare
1798 973 2005 1029 queas3
2053 957 2059 969 “

297 1032 472 1085 officio
516 1038 574 1085 et
617 1033 730 1086 fide
772 1035 1078 1102 pariuntur.
1168 1035 1302 1099 Quis
1347 1038 1531 1086 autem
1577 1033 1797 1086 amicior
1840 1050 2004 1101 quam

296 1108 472 1162 frater
506 1109 705 1163 fratri?
741 1114 839 1164 aut
864 1127 1027 1178 quem
1063 1109 1302 1163 alienum
1334 1109 1507 1162 fidum
1537 1111 1796 1176 invenieS,
1823 1111 1868 1161 si
1893 1111 2005 1162 tuis

295 1184 468 1239 hostis
503 1184 715 1239 fueris?
789 1185 1063 1254 Equidem
1105 1202 1209 1254 ego
1250 1186 1403 1239 vobis
1447 1203 1679 1254 reguum
1715 1186 1877 1251 trado
1913 1186 2005 1238 fir·
2031 1216 2040 1220 -
2071 1188 2076 1195 ‘

295 1278 458 1325 mum,
497 1262 543 1315 si
579 1261 707 1315 boni
746 1262 928 1326 eritis;
970 1263 1053 1316 sin
1089 1263 1234 1330 mali,
1277 1262 1628 1316 imbecillum.
1699 1264 1843 1316 Nam
1881 1280 2003 1316 con-

295 1338 481 1391 cordia
509 1355 711 1407 parvae
737 1355 827 1392 res
849 1343 1118 1406 crescunt,
1145 1338 1420 1392 discordia
1444 1356 1731 1392 maxumae
1755 1339 2002 1392 dilabun-

294 1418 403 1468 tur.
474 1414 734 1468 Ceterum
787 1418 917 1485 ante
965 1415 1065 1468 hos
1113 1418 1188 1482 te,
1239 1416 1276 1467 J
1279 1416 1531 1483 ugurtha,
1581 1417 1675 1484 qui
1714 1420 1896 1469 aetate
1945 1420 2002 1468 ct

292 1491 561 1560 sapientia
595 1493 745 1560 prior
780 1508 855 1558 εει,
885 1508 955 1545 ne
977 1492 1142 1545 aliter
1171 1492 1309 1560 quid
1339 1492 1556 1546 eveniat
1584 1492 1878 1561 providere
1905 1493 1998 1544 de-

289 1572 394 1620 cet.
464 1567 607 1620 Nam
632 1570 686 1620 in
711 1569 857 1621 omni
882 1569 1182 1621 certamine
1206 1569 1297 1636 qui
1323 1569 1634 1638 opulentior
1659 1572 1760 1636 est,
1786 1569 1997 1621 etiamsi

288 1643 488 1713 accipit
522 1644 796 1711 injuriam,
834 1648 1021 1698 tamen
1057 1645 1186 1713 quia
1220 1645 1345 1714 plus
1381 1648 1584 1714 potest,
1633 1646 1813 1698 facere
1850 1645 1998 1697 vide-

287 1722 396 1773 tur.
470 1720 585 1773 Vos
617 1726 820 1789 autem,
858 1720 1143 1774 Adherbal
1179 1727 1236 1774 et
1267 1721 1564 1789 Hiempsal,
1598 1721 1779 1794 colite,
1815 1721 1998 1773 obser·
2063 1744 2068 1749 ·

288 1799 416 1849 vate
451 1797 618 1849 talem
654 1798 798 1851 hunc
844 1799 1036 1865 virum,
1080 1798 1369 1851 imitamini
1413 1798 1692 1862 virtutem,
1739 1802 1796 1851 et
1839 1799 1996 1851 eniti-

199 1869 206 1876 ‘
289 1872 424 1924 mini
458 1889 527 1925 ne
563 1889 665 1940 ego
705 1873 959 1927 meliores
1006 1873 1209 1927 liberos
1251 1875 1549 1943 sumpsisse
1595 1875 1785 1927 videar
1833 1879 2052 1950 quam&x

287 1949 586 2015 genuisse.”
1947 1997 1954 2004 ,

400 2030 476 2078 11.
553 2024 646 2078 Ad
681 2042 747 2079 ea
782 2026 1078 2093 Jugurtha‚
1113 2029 1336 2081 tametsi
1374 2045 1558 2096 regem
1591 2028 1721 2080 ficta
1754 2028 1994 2080 locutum

286 2101 645 2168 intellegebat
682 2106 741 2154 et
775 2102 894 2170 ipse
929 2102 1092 2170 longe
1122 2104 1286 2157 ahter
1311 2106 1491 2157 animo
1524 2104 1785 2171 agitabat,
1812 2110 1995 2157 tamen

284 2193 388 2246 pro
425 2181 673 2245 tempore
708 2177 946 2246 benigne
982 2179 1283 2249 respondit.
1375 2181 1608 2250 Micipsa
1648 2181 1834 2249 paucis
1869 2186 1994 2249 post

285 2252 484 2306 diebus
508 2254 754 2307 moritur.
828 2254 1125 2323 Postquam
1152 2257 1231 2309 illi
1260 2274 1411 2311 more
1443 2258 1592 2325 regio
1609 2256 1765 2325 justa
1790 2247 2014 2325 magni-⁹

284 2329 388 2382 fice
424 2330 682 2396 fecerant,
720 2331 899 2398 reguli
934 2333 990 2385 in
1026 2349 1194 2386 uuum
1231 2349 1531 2395 convenere
1559 2339 1623 2387 ut
1649 2334 1796 2387 inter
1825 2351 1883 2387 se
1921 2335 1991 2388 de

282 2406 491 2459 cunctis
516 2407 749 2473 negotiis
774 2408 1163 2478 disceptarent.
1235 2410 1345 2464 Sed
1373 2411 1674 2478 Hiempsal,
1700 2411 1792 2479 qui
1818 2411 1991 2463 minu-

282 2499 405 2535 mus
429 2498 497 2534 ex
523 2482 629 2535 illis
654 2487 789 2551 erat,
814 2490 1012 2537 natura
1036 2485 1191 2538 ferox
1217 2492 1276 2540 et
1291 2486 1410 2554 jam
1436 2491 1565 2540 ante
1588 2487 1989 2554 ignobilitatem

281 2559 319 2611 J
326 2558 610 2626 ugurthae,
636 2560 766 2627 quia
788 2565 1037 2615 materno
1061 2579 1264 2629 genere
1297 2564 1475 2632 impar
1499 2569 1634 2629 erat,
1670 2565 1988 2633 despiciens,

280 2635 513 2687 dextera
538 2635 911 2689 Adherbalem
938 2639 1161 2706 assedit,
1198 2656 1266 2692 ne
1293 2641 1506 2694 medius
1532 2659 1601 2695 ex
1626 2642 1820 2710 tribus,
1840 2643 1986 2709 quod

280 2711 431 2779 apud
468 2711 736 2765 Numidas
772 2713 964 2767 honori
1001 2714 1239 2782 ducitur,
1283 2718 1319 2769 J
1325 2718 1563 2785 ugurtha
1598 2719 1755 2771 foret.
1846 2720 1986 2771 Dexn

279 2791 481 2852 tamen,
514 2792 576 2841 ut
617 2790 789 2843 aetati
827 2792 1155 2845 concederet
1196 2792 1464 2861 fatigatus
1509 2812 1542 2847 a
1578 2795 1768 2862 fratre,
1806 2795 1895 2847 vix
1932 2797 1985 2847 111

276 2868 495 2933 partem
530 2865 759 2919 alteram
798 2868 1153 2922 transductus
1189 2874 1287 2924 est.
1378 2870 1463 2923 lbi
1500 2889 1667 2939 quum
1704 2871 1878 2924 multa
1915 2873 1985 2924 dc

276 2940 711 2994 administrando
736 2942 966 3012 imperio
992 2944 1344 3014 dissererent,
1372 2947 1409 3000 J
1414 2948 1653 3014 ugurtha
1684 2948 1829 3001 inter
1854 2949 1985 3001 alias

276 3033 366 3070 res
383 3017 537 3084 jacit,
564 3023 819 3086 oportere
845 3021 1178 3089 quinquenni
1205 3024 1451 3077 consulta
1474 3028 1533 3077 et
1558 3025 1781 3077 decreta
1806 3026 1986 3077 omnia

275 3093 543 3158 rescindi3
580 3111 704 3147 nam
738 3113 840 3164 per
873 3113 938 3149 ca
974 3104 1225 3166 tempora
1253 3100 1560 3152 confectum
1599 3101 1755 3154 annis
1792 3102 1983 3169 Micip-

274 3184 391 3224 sam
428 3186 622 3238 parum
656 3172 837 3225 animo
872 3173 1119 3226 valuisse.
1193 3174 1330 3227 Tum
1365 3175 1514 3228 idem
1554 3177 1841 3244 Hiempsal
1879 3178 1971 3244 pla

273 3263 401 3301 cere
426 3247 529 3301 sibi
555 3247 871 3317 respondit;
895 3265 1020 3303 nam
1044 3250 1223 3319 ipsum
1249 3249 1403 3303 illum
1428 3251 1610 3304 tribus
1628 3250 1759 3320 [his]
1783 3266 1983 3317 proxu-
