2269 3561
983 212 1020 260 J
1022 212 1397 263 UGURTHA.
1979 215 2006 259 6
2014 215 2042 259 9

338 293 607 363 cognitus,
633 293 799 346 animi
823 294 1163 361 popularium
1188 294 1461 361 temptati,
1488 297 1705 346 coactus
1730 309 1913 345 rerum
1950 301 2045 346 ness

337 371 671 426 cessitudine
696 371 894 423 statuit
918 371 1081 422 armis
1105 377 1329 425 certare.
1405 371 1588 438 Igitur
1612 370 1894 437 explorato
1919 369 2042 423 hos-

337 450 476 502 tium
496 448 692 502 itinere
714 449 770 501 in
798 467 948 518 spem
968 448 1231 501 victoriae
1249 448 1522 502 adductus
1542 466 1605 501 ex
1629 448 2041 515 opportunitate

336 526 454 593 loci,
495 541 658 592 quam
710 543 991 580 maxumas
1037 532 1220 596 potest
1269 528 1449 595 copias
1487 528 1726 580 omnium
1775 543 2038 593 generum

334 606 495 670 parat
519 618 581 654 ac
617 618 716 669 per
751 603 1000 657 tramites
1037 604 1276 658 occultos
1314 605 1614 657 exercitum
1653 603 1866 656 Metelli
1891 607 2039 656 ante-

337 679 500 732 venit.
575 680 711 733 Erat
746 681 803 732 in
840 697 903 733 ea
935 684 1094 749 parte
1130 681 1438 747 Numidiae,
1472 698 1633 748 quam
1673 679 1956 733 Adherbal
1983 681 2039 733 in

337 755 600 810 divisione
643 756 977 826 possederat,
1016 757 1217 809 fiumen
1253 757 1431 811 oriens
1469 775 1501 810 a
1538 756 1781 823 meridie,
1821 756 2038 810 nomine

336 831 573 900 Muthul,
601 850 634 886 a
658 850 766 900 quo
791 832 982 886 aberat
1012 850 1167 886 mons
1193 834 1364 887 ferme
1389 834 1537 886 milia
1562 850 1818 901 passuum
1845 833 2037 900 viginti

336 913 519 963 tractu
551 910 686 979 pari,
720 914 905 963 vastus
939 910 1009 962 ab
1045 915 1244 963 natura
1278 915 1336 964 et
1367 911 1601 964 humano
1631 911 1811 973 cultu3
1846 911 1943 963 sed
1970 928 2038 968 ex

336 1001 402 1037 eo
421 985 599 1039 medio
625 986 780 1054 quasi
807 986 957 1039 collis
981 987 1263 1040 oriebatur
1281 988 1336 1040 in
1355 988 1678 1041 immensum
1702 988 2038 1055 pertingens,

336 1063 567 1115 vestitus
587 1063 823 1116 oleastro
849 1079 911 1115 ac
931 1065 1184 1131 myrtetis
1203 1064 1429 1132 aliisque
1454 1063 1748 1131 generibus
1766 1063 2035 1127 arborum,

336 1155 476 1206 quae
500 1139 649 1191 humi
675 1139 830 1191 arido
855 1143 1021 1207 atque
1039 1157 1267 1193 arenoso
1292 1141 1607 1208 gignuntur.
1645 1140 1830 1192 Media
1853 1143 2037 1193 autom

334 1215 587 1283 planities
612 1215 833 1269 deserta
863 1216 1090 1284 penuria
1123 1233 1299 1283 aquae
1328 1219 1551 1284 praeter
1581 1215 1788 1267 flumini
1823 1215 2038 1283 propin-

335 1309 444 1359 qua
478 1292 624 1356 loca;
670 1308 734 1344 ea
770 1291 979 1345 consita
1014 1291 1255 1346 arbustis
1299 1308 1497 1360 pecore
1535 1295 1702 1358 atque
1739 1290 2039 1344 cultoribus

333 1368 840 1435 frequentabantur.

439 1451 521 1497 49.
594 1445 774 1512 Igitur
804 1446 861 1497 in
892 1461 957 1497 eo
987 1445 1122 1497 colle
1153 1461 1318 1513 quem
1350 1452 1662 1498 transvorso
1692 1444 1889 1498 itinere
1920 1462 2035 1514 por-

334 1525 545 1574 rectum
573 1521 870 1589 docuimus,
895 1521 931 1573 J
937 1521 1176 1588 ugurtha
1208 1525 1505 1573 extenuata
1530 1538 1750 1574 suorum
1776 1521 1890 1574 acie
1914 1539 2038 1575 con-

335 1597 498 1662 sedit,
529 1597 830 1665 elephantis
867 1601 923 1650 et
960 1597 1104 1665 parti
1142 1598 1421 1665 copiarum
1458 1597 1798 1666 pedestrium
1836 1598 2039 1650 Bomil-

332 1690 514 1727 carem
539 1673 801 1742 pracfecit
819 1691 1053 1741 eumque
1073 1674 1268 1726 edocet
1287 1690 1427 1741 quae
1444 1677 1633 1741 ageret
1650 1695 1661 1737 ;
1686 1674 1804 1742 ipse
1820 1676 2040 1743 propior

333 1754 577 1804 montem
614 1767 734 1804 cum
772 1751 916 1803 omui
954 1750 1205 1817 equitatu
1238 1760 1294 1803 et
1328 1748 1608 1819 peditibus
1646 1750 1873 1804 delectis
1913 1767 2037 1805 suos

334 1828 574 1881 collocat.
636 1828 774 1880 Dein
804 1828 1041 1894 singulas
1067 1830 1276 1880 turmas
1302 1832 1361 1880 et
1394 1827 1693 1896 manipulos
1719 1827 2038 1880 circumiens

333 1909 521 1957 monet
556 1908 723 1972 atque
752 1904 1081 1970 obtestatur,
1105 1904 1187 1955 uti
1220 1919 1489 1956 memores
1519 1903 1784 1971 pristinae
1819 1904 2039 1957 virtutis

335 1985 393 2034 et
447 1981 706 2034 victoriae
759 1997 878 2033 sese
931 1997 1270 2047 regnumque
1327 1996 1482 2033 suum
1544 1980 1614 2032 ab
1671 1980 2039 2033 Romanorum

334 2058 565 2111 avaritia
601 2057 930 2121 defendant;
966 2073 1085 2110 cum
1121 2057 1207 2109 his
1236 2061 1514 2109 certamen
1551 2056 1684 2122 fore,
1714 2073 1850 2123 quos
1879 2060 2040 2110 antea

335 2135 509 2187 victos
533 2134 634 2186 sub
651 2134 849 2201 jugum
875 2133 1154 2196 miserint;
1180 2132 1373 2187 ducem
1400 2132 1507 2185 illis
1532 2149 1639 2185 non
1666 2133 1902 2185 animum
1930 2149 2041 2185 mu-

334 2214 546 2274 tatum;
581 2227 721 2278 quae
756 2210 827 2262 ab
865 2210 1196 2277 imperatore
1235 2208 1522 2261 decuerint
1559 2209 1737 2261 omnia
1774 2209 1883 2261 suis
1919 2226 2040 2276 pro—

336 2287 466 2351 visa,
492 2287 669 2339 locum
703 2287 1053 2355 superiorem,
1088 2290 1151 2337 ut
1176 2283 1476 2353 prudentes
1508 2302 1627 2337 cum
1655 2285 1938 2352 imperitis,
1965 2302 2034 2338 ne

335 2363 618 2431 pauciores
643 2379 764 2415 cum
796 2360 1043 2431 pluribus
1077 2366 1172 2415 aut
1199 2360 1365 2413 rudes
1399 2377 1521 2413 cum
1551 2360 1693 2414 bello
1727 2360 2042 2414 melioribus

336 2456 557 2492 manum
593 2442 979 2501 consererent;
1034 2436 1262 2505 proinde
1300 2437 1477 2504 parati
1515 2437 1820 2506 intentique
1859 2442 2043 2490 essent

339 2516 493 2583 signo
527 2515 657 2568 dato
709 2514 975 2568 Romanos
1012 2513 1307 2576 invadere;
1359 2513 1509 2566 illum
1548 2513 1692 2567 diem
1732 2518 1829 2566 aut
1866 2515 2042 2566 omnis

338 2592 554 2646 labores
610 2596 669 2645 et
722 2592 976 2645 victorias
1030 2590 1477 2644 confirmaturum
1525 2595 1622 2642 aut
1666 2606 2041 2643 maxumarum

339 2686 720 2722 aerumnarum
746 2668 959 2721 initium
986 2667 1116 2719 fore.
1182 2666 1273 2721 Ad
1298 2666 1399 2719 hoc
1424 2666 1642 2730 viritim,
1662 2667 1744 2719 uti
1769 2682 2045 2733 quemque

340 2744 413 2799 ob
446 2746 683 2799 militare
713 2745 919 2798 facinus
956 2743 1185 2811 pecunia
1218 2747 1314 2798 aut
1348 2742 1551 2795 honore
1581 2741 1871 2808 extulerat,
1899 2758 2045 2794 com-

341 2823 680 2876 monefacere
718 2821 947 2875 benefici
985 2820 1065 2875 sui
1104 2825 1163 2873 et
1202 2836 1324 2875 eum
1362 2819 1539 2885 ipsum
1577 2817 1696 2871 aliis
1733 2821 2047 2881 ostentare;

340 2902 618 2967 postremo
663 2914 764 2966 pro
800 2897 1064 2968 cujusque
1110 2896 1323 2964 ingenio
1370 2892 1689 2963 pollicendO,
1727 2892 2045 2958 minitandO,

342 2974 685 3040 obtestandO,
731 2973 893 3027 alium
943 2973 1048 3026 alio
1095 2972 1257 3026 modo
1303 2970 1560 3034 excitare,
1612 2985 1778 3036 quum
1826 2969 2046 3021 interim

345 3051 603 3106 Metellus
629 3051 851 3118 ignarus
883 3050 1120 3104 hostium
1160 3054 1345 3103 monte
1384 3045 1710 3113 degrediens
1736 3062 1857 3101 cum
1896 3062 2050 3099 exer-

343 3129 458 3182 citu
496 3127 838 3195 conspicitur,
873 3126 1048 3193 primo
1083 3124 1297 3189 dubius,
1334 3123 1594 3191 quidnam
1632 3122 1849 3177 insolita
1884 3122 2049 3176 facies

345 3204 860 3258 ostenderet—nam
893 3203 1037 3253 inter
1069 3201 1309 3268 virgulta
1344 3199 1472 3266 equi
1506 3197 1886 3263 Numidaeque
1924 3213 2040 3249 con-

347 3280 620 3347 sederant,
643 3295 819 3350 neque
856 3277 1015 3347 plane
1053 3275 1309 3333 occultati
1346 3273 1655 3329 humilitate
1691 3272 1964 3335 arborum,
1990 3272 2048 3322 et
