2269 3561
240 206 268 250 a
741 202 794 250 e.
834 180 1183 259 SALLUs'rI
1219 201 1453 252 cmspt

165 279 169 283 ’
240 282 379 334 Nam
422 282 503 336 uti
547 281 813 349 cujusque
857 282 1101 334 studium
1152 300 1220 336 ex
1268 288 1453 337 aetate
1500 283 1782 352 flagrabat,
1822 284 1943 340 aliis

240 362 419 410 scorta
444 356 723 424 praebere,
749 357 870 410 aliis
895 374 1055 410 canes
1080 363 1249 427 atque
1274 375 1444 427 equos
1470 362 1712 427 mercari,
1738 367 1944 429 postre-

239 450 328 485 mo
362 450 538 500 neque
564 434 807 501 sumptui
841 450 1021 501 neque
1056 434 1359 488 modestiae
1390 451 1519 489 suae
1543 453 1784 506 parcere,
1809 438 1943 490 dum

238 510 371 562 illos
403 509 660 563 obnoxios
703 509 953 578 fidosque
998 507 1100 562 sibi
1144 511 1362 565 faceret.
1446 513 1565 566 Scio
1607 512 1774 567 fuisse
1814 529 1944 566 non-

238 586 412 639 nullos
448 587 541 653 qui
576 586 656 638 ita
692 586 1106 651 existumarent,
1136 586 1504 655 juventutem,
1543 606 1683 656 quae
1719 589 1942 641 domum

239 661 503 715 Catilinae
528 661 934 729 frequentabat,
959 679 1153 730 parum
1179 663 1408 717 honeste
1433 663 1752 733 pudicitiam
1776 663 1944 716 habu-

237 736 346 791 isse
363 759 375 802 ;
410 738 506 789 sed
538 754 606 790 ex
636 737 757 790 aliis
787 737 951 791 rebus
982 739 1157 805 magis
1182 756 1344 806 quam
1378 739 1526 807 quod
1549 740 1809 807 cuiquam
1839 737 1941 809 [id]

237 817 578 882 compertum
602 814 747 867 foret
771 814 903 866 haec
930 814 1074 868 fama
1096 815 1329 869 valebat.

344 895 421 942 15.
483 889 521 942 J
525 906 612 942 am
638 890 874 957 primum
901 889 1223 944 adulescens
1250 891 1487 944 Catilina
1509 891 1684 944 multa
1707 891 1943 944 nefanda

238 969 431 1034 stupra
453 966 676 1033 fecerat,
692 983 815 1018 cum
835 966 1046 1032 virgine
1071 967 1255 1033 nobili,
1271 982 1395 1020 cum
1421 966 1706 1020 sacerdote
1723 967 1940 1029 Vestae,

226 1041 343 1108 {alia
379 1042 757 1109 hujuscemodi
793 1047 985 1096 contra
1015 1042 1110 1109 jus
1149 1043 1354 1111 fasque.
1426 1042 1712 1095 Postremo
1750 1048 1942 1111 captus

236 1136 421 1172 amore
452 1120 714 1172 Aureliae
749 1119 1055 1186 Orestillae,
1091 1118 1251 1186 cujus
1285 1123 1508 1188 praeter
1543 1119 1772 1172 formam
1807 1119 1940 1172 nihil

238 1212 494 1262 umquam
529 1195 704 1248 bonus
733 1195 993 1261 laudavit,
1019 1195 1169 1263 quod
1194 1212 1260 1248 ea
1283 1194 1492 1248 nubere
1522 1195 1599 1246 illi
1633 1194 1938 1262 dubitabat,

237 1271 437 1324 timens
468 1272 777 1339 privignum
812 1270 1000 1324 adulta
1033 1274 1233 1336 aetate,
1258 1288 1361 1340 pro
1391 1275 1542 1324 certo
1571 1270 1816 1324 creditur
1845 1288 1941 1324 ne-

237 1350 358 1399 cato
383 1346 494 1399 filio
519 1363 743 1400 vacuam
770 1347 991 1399 domum
1017 1347 1264 1400 scelestis
1290 1347 1496 1415 nuptiis
1519 1347 1727 1400 fecisse.
1789 1347 1939 1410 Quae

238 1422 458 1487 quidem
484 1440 572 1476 res
598 1422 729 1474 mihi
754 1423 808 1474 in
835 1423 1025 1491 primis
1049 1423 1271 1475 videtur
1292 1440 1481 1476 caussa
1503 1423 1667 1475 fuisse
1691 1424 1940 1476 facinoris

236 1498 562 1551 maturandi.
614 1499 681 1551 N:
702 1515 868 1565 mque
891 1500 1104 1551 animus
1129 1499 1392 1567 impurus,
1415 1498 1501 1551 dis
1525 1499 1938 1567 hominibusque

236 1574 483 1641 infestus,
508 1591 688 1641 neque
717 1574 915 1641 vigiliis
947 1591 1125 1642 neque
1161 1574 1440 1642 quietibus
1473 1573 1653 1627 sedari
1689 1578 1939 1642 poterat3

234 1650 314 1703 ita
346 1651 677 1704 conscientia
708 1653 948 1704 mentem
982 1650 1216 1703 excitam
1241 1649 1509 1703 vastabat.
1583 1650 1766 1717 Igitur
1793 1650 1938 1704 colos

236 1727 538 1794 exsanguis,
576 1725 721 1779 foedi
762 1726 915 1793 oculi,
950 1726 1088 1778 citus
1126 1726 1302 1793 mode,
1340 1726 1503 1779 modo
1539 1726 1733 1779 tardus
1769 1726 1938 1779 inces-

237 1819 357 1867 sus3
393 1819 617 1871 prorsus
642 1804 697 1855 in
722 1802 858 1855 facie
884 1802 1144 1870 voltuque
1170 1802 1424 1855 vecordia
1447 1803 1636 1856 inerat.

343 1885 422 1934 16.
495 1879 606 1932 Sed
632 1879 996 1945 juventutem,
1023 1894 1205 1945 quam,
1231 1882 1294 1931 ut
1319 1895 1483 1947 supra
1508 1879 1760 1942 diximus,
1784 1878 1940 1932 illex-

236 1959 370 2022 erat,
414 1954 602 2008 multis
651 1953 827 2006 modis
874 1955 1017 2006 mala
1062 1954 1304 2007 facinora
1346 1954 1628 2008 edocebat.
1700 1955 1783 2008 Ex
1830 1955 1938 2008 illis

234 2033 393 2085 testis
427 2031 838 2099 signatoresque
865 2029 1028 2082 salsos
1053 2030 1429 2095 commodare3
1465 2030 1647 2098 fidem,
1672 2031 1937 2098 fortunas,

235 2107 474 2174 pericula
518 2106 644 2161 vilia
693 2106 911 2173 habere,
963 2110 1101 2173 post,
1145 2106 1239 2158 ubi
1282 2123 1471 2159 eorum
1517 2108 1718 2160 famam
1768 2112 1937 2175 atque

234 2182 499 2250 pudorem
540 2183 842 2248 attriverat,
885 2182 1094 2249 majora
1132 2182 1239 2235 alia
1275 2182 1608 2250 imperabat3
1662 2184 1708 2236 si
1750 2200 1938 2237 caussa

234 2259 492 2327 peccandi
523 2259 578 2312 in
603 2275 864 2327 praesens
891 2258 1069 2310 minus
1094 2258 1439 2326 suppetebat,
1463 2258 1631 2311 nihilo
1656 2260 1832 2312 miuus
1857 2261 1937 2313 in-

235 2335 405 2388 sontis
442 2334 602 2386 sicuti
636 2334 808 2386 sontis
846 2334 1255 2401 circumvenire,
1281 2333 1566 2402 jugulare;
1613 2335 1833 2402 scilicet,
1866 2353 1935 2389 ne

232 2427 333 2478 per
380 2410 550 2464 otium
600 2413 976 2477 torpescerent
1029 2426 1221 2462 manus
1274 2414 1370 2462 aut
1422 2410 1648 2477 animus,
1693 2412 1936 2478 gratuito

234 2487 415 2553 potius
446 2486 621 2538 malus
653 2488 819 2551 atque
845 2485 1082 2538 crudelis
1107 2489 1246 2541 erat.
1322 2487 1424 2538 His
1457 2486 1643 2539 amicis
1669 2488 1933 2556 sociisque

233 2562 467 2615 confisus
511 2560 761 2627 Catilina,
809 2561 967 2614 simul
1010 2561 1158 2629 quod
1204 2579 1296 2614 aes
1337 2562 1570 2615 alienum
1620 2580 1720 2631 per
1761 2564 1933 2616 omnis

234 2642 412 2690 terras
436 2638 630 2703 ingens
654 2641 789 2702 erat,
817 2641 875 2690 et
900 2638 1046 2705 quod
1076 2638 1323 2706 plerique
1352 2638 1556 2690 Sullani
1589 2639 1803 2706 milites,
1829 2640 1933 2692 lar-

233 2714 353 2780 gius
394 2729 491 2766 suo
529 2714 628 2779 usi,
668 2713 979 2782 rapinarum
1023 2718 1080 2766 et
1122 2713 1380 2765 victoriae
1423 2714 1624 2766 veteris
1667 2732 1932 2768 memores

234 2789 389 2842 civile
413 2788 617 2842 bellum
643 2788 990 2856 exoptabant,
1016 2789 1411 2857 opprimundae
1435 2790 1515 2842 rei
1542 2790 1786 2858 publicae
1812 2809 1934 2845 con-

235 2866 410 2918 silium
442 2866 602 2934 cepit.
676 2865 743 2917 In
772 2864 934 2918 Italia
965 2865 1144 2917 nullus
1176 2866 1478 2930 exercitus;
1517 2866 1610 2919 Cn.
1643 2866 1931 2936 Pompeius

233 2941 288 2993 in
316 2943 577 2994 extremis
608 2941 772 2994 terris
804 2939 1006 2993 bellum
1038 2940 1268 3008 gerebat
1284 2961 1296 3005 ;
1332 2941 1435 3010 ipsi
1471 2942 1808 2996 consulatum
1838 2961 1930 3012 pe-

232 3018 372 3071 tenti
409 3034 604 3084 magna
640 3034 765 3086 spes
782 3037 795 3082 ;
845 3020 1068 3069 senatus
1108 3016 1243 3069 nihil
1286 3034 1414 3070 sane
1451 3017 1724 3084 intentus3
1774 3023 1930 3073 tutae

234 3093 668 3161 tranquillaeque
708 3109 799 3146 res
841 3109 1057 3157 omnes;
1111 3091 1211 3144 sed
1252 3107 1318 3145 ea
1358 3110 1582 3161 prorsus
1623 3101 1930 3164 opportuna

237 3168 512 3222 Catilinae.

341 3247 419 3300 17.
491 3245 669 3311 Igitur
702 3245 917 3299 circiter
957 3243 1235 3297 Kalendas
1266 3245 1304 3298 J
1309 3245 1477 3314 unias,
1520 3248 1578 3301 L.
1603 3249 1835 3302 ('aesaro
1870 3253 1926 3303 ct
