2269 3561
264 199 324 243 36
761 193 813 239 C.
856 188 1206 239 SALLUSTI
1242 185 1477 236 CRISPI

263 275 502 328 deducit.
576 273 717 326 Dein
742 272 968 325 remotis
993 271 1233 324 omnium
1259 269 1430 337 equis,
1456 284 1565 335 quo
1589 265 1853 320 militibus
1878 283 1992 319 cx-·

263 354 496 419 aequato
535 349 772 418 periculo
809 349 1021 400 animus
1049 346 1282 415 amplior
1321 350 1480 409 esset,
1517 345 1637 410 ipse
1670 343 1838 412 pedes
1877 359 1972 395 ex-

263 429 493 480 ercitum
522 443 622 494 pro
653 426 768 478 loco
802 428 971 492 atque
1003 424 1175 492 copiis
1208 423 1446 475 instruit.
1521 421 1663 472 Nam
1691 420 1772 472 uti
1798 419 1972 487 plani-

262 504 368 556 ties
407 505 528 555 erat
569 502 712 554 inter
750 501 997 553 sinistros
1032 500 1233 553 montis
1269 502 1327 552 et
1359 497 1429 550 ab
1462 497 1693 550 dextera
1726 514 1863 565 rupe
1890 515 1972 552 as-

261 596 409 646 pera,
425 582 551 632 octo
576 577 811 630 cohortis
836 577 891 629 in
914 578 1096 630 fronte
1115 575 1414 638 constituit,
1449 573 1785 640 reliquarum
1816 575 1971 643 signa

263 657 319 707 in
361 654 602 707 subsidio
642 653 814 706 artius
848 653 1088 706 collocat.
1167 651 1259 705 Ab
1291 651 1377 703 his
1416 650 1763 703 centuriones
1795 655 1970 707 omnis

262 732 448 797 lectm,
476 734 532 784 et
569 734 832 795 evocatos,
865 733 1153 798 praeterea
1186 745 1253 781 ex
1288 727 1553 795 gregariis
1586 726 1853 784 militibus
1876 748 1971 800 op-

264 813 475 860 tumum
514 823 786 874 quemque
817 810 1088 859 armatum
1124 807 1178 857 in
1214 804 1446 872 primam
1486 803 1658 858 aciem
1698 805 1971 863 subducit.

266 884 322 936 G.
351 883 617 936 Manlium
643 883 700 935 in
725 882 936 948 dextra,
974 882 1334 934 Faesulanum
1367 880 1643 948 quendam
1667 882 1722 933 in
1747 883 1970 939 sinistra

264 963 423 1026 parte
447 976 639 1012 curare
665 958 857 1026 jubet;
895 959 1012 1026 ipse
1037 974 1158 1010 cum
1193 957 1406 1010 libertis
1431 961 1489 1010 et
1513 958 1717 1010 colonis
1740 965 1968 1028 propter

265 1035 503 1103 aquilam
537 1035 758 1102 assistit,
795 1052 958 1104 quam
992 1034 1136 1086 bello
1169 1032 1439 1086 Cimbrico
1476 1033 1532 1086 C.
1561 1033 1770 1088 Marius
1795 1037 1849 1088 in
1875 1055 1968 1090 ex-

267 1113 440 1164 ercitu
472 1111 726 1165 habuisse
764 1110 1062 1165 dicebatur.
1140 1111 1219 1163 At
1258 1127 1327 1162 ex
1363 1109 1537 1163 altera
1576 1115 1733 1179 parte
1770 1113 1826 1166 O.
1856 1115 1968 1167 An-

266 1189 447 1241 tonius
475 1188 708 1256 pedibus
741 1205 918 1256 aeger,
946 1187 1095 1256 quod
1126 1187 1332 1254 proelio
1361 1186 1554 1240 adesse
1587 1189 1865 1257 nequibat,
1891 1193 1966 1245 M.

271 1266 487 1317 Petreio
510 1264 692 1332 legato
718 1265 1021 1318 exercitum
1054 1262 1344 1333 permittit.
1418 1264 1522 1317 Ille
1554 1265 1794 1320 cohortis
1818 1271 1967 1322 vete-

266 1358 440 1407 ranas,
468 1358 604 1408 quas
636 1342 855 1394 tum-ulti
888 1358 1078 1394 caussa
1110 1341 1521 1410 conscripserat,
1545 1341 1600 1394 in
1623 1342 1819 1411 fronte,
1840 1350 1968 1414 post

267 1434 360 1470 eas
407 1420 649 1470 ceterum
693 1418 991 1470 exercitum
1037 1418 1091 1470 in
1137 1417 1391 1470 subsidiis
1432 1418 1605 1483 locat3
1664 1419 1784 1488 ipse
1803 1439 1966 1490 equo

266 1492 584 1546 circumiens
614 1509 1055 1561 unumquemque
1089 1494 1373 1546 nominans
1406 1495 1661 1563 appellat,
1695 1497 1965 1564 hortatur,

266 1574 438 1635 rogat,
476 1571 540 1621 ut
576 1569 921 1622 meminerint
969 1586 1027 1622 se
1069 1572 1261 1622 contra
1306 1570 1547 1624 latrones
1593 1572 1818 1627 inermis
1865 1592 1966 1643 pro

264 1644 456 1712 patria,
504 1660 601 1710 pro
640 1644 837 1707 liberis,
880 1661 980 1712 pro
1021 1646 1130 1698 aris
1178 1648 1344 1713 atque
1395 1647 1525 1699 focis
1576 1649 1687 1701 suis
1736 1654 1966 1705 certare.

271 1721 447 1773 Homo
488 1719 753 1788 nlilitariS‚
793 1721 938 1787 quod
981 1722 1212 1789 amplius
1248 1738 1417 1774 annos
1447 1724 1675 1792 triginta
1713 1725 1967 1782 tribunus

264 1800 360 1849 aut
383 1797 692 1864 praefectus
710 1802 806 1850 aut
832 1797 1042 1864 legatus
1066 1802 1163 1850 aut
1187 1802 1409 1866 praetor
1427 1817 1547 1853 cum
1574 1819 1770 1868 magna
1793 1804 1967 1871 gloria

264 1872 318 1923 in
344 1874 587 1925 exercitu
610 1873 806 1940 fuerat,
832 1873 1118 1941 plerosque
1143 1875 1287 1941 ipsos
1312 1876 1565 1943 factaque
1590 1894 1777 1930 eorum
1802 1879 1967 1933 fortia.

265 1952 519 2013 noverat3
545 1965 610 2002 ea
628 1948 1099 2002 commemorando
1123 1950 1358 2002 militum
1383 1953 1590 2005 animos
1614 1954 1965 2011 accendebat.

368 2031 449 2079 60.
506 2024 617 2077 Sed
641 2026 736 2078 ubi
762 2025 1010 2078 omnibus
1036 2025 1200 2079 rebus
1225 2026 1522 2094 exploratis
1553 2028 1804 2084 Petreius
1830 2031 1966 2085 tuba

265 2100 478 2167 signum
504 2102 615 2168 dat,
637 2102 874 2173 cohortis
898 2102 1161 2170 paulatim
1185 2102 1440 2156 incedere
1457 2104 1635 2173 jubet,
1662 2106 1808 2159 idem
1833 2108 1967 2162 facit

264 2176 501 2229 hostium
540 2177 826 2230 exercitus.
900 2178 1198 2245 Postquam
1242 2196 1306 2233 eo
1344 2185 1567 2234 ventum
1607 2186 1707 2250 est,
1746 2184 1893 2237 unde
1932 2203 1966 2238 a

263 2252 571 2306 ferentariis
606 2254 873 2322 proelium
905 2255 1172 2307 committi
1208 2260 1403 2322 posset,
1436 2274 1691 2311 maxumo
1727 2260 1965 2315 clamore

263 2345 385 2381 cum
412 2329 622 2381 infestis
647 2330 812 2397 signis
843 2334 1188 2397 concurrunt,
1214 2331 1323 2400 pila
1347 2333 1622 2400 omittunt,
1652 2334 1849 2401 gladiis
1873 2354 1965 2389 res

263 2405 489 2470 geritur.
564 2405 825 2457 Veterani
860 2405 1125 2473 pristinae
1162 2407 1381 2459 virtutis
1418 2426 1685 2463 memores
1721 2412 1965 2466 cominus

263 2480 461 2533 acriter
498 2481 734 2546 instare3
781 2482 858 2534 illi
899 2482 1048 2535 haud
1084 2482 1265 2534 timidi
1300 2485 1577 2551 resistunt,
1617 2504 1873 2541 maxuma
1909 2491 1962 2542 vi

262 2560 521 2609 certatur.
594 2558 816 2610 Interea
849 2558 1084 2611 Catilina
1119 2575 1243 2611 cum
1274 2561 1544 2629 expeditis
1568 2563 1623 2614 in
1648 2564 1823 2631 prima
1848 2566 1965 2618 acie

206 2637 211 2642 '
264 2633 480 2700 versari,
503 2633 879 2686 laborantibus
910 2651 1238 2702 succurrere,
1266 2637 1508 2703 integros
1532 2656 1633 2707 pro
1660 2642 1854 2693 sauciis
1878 2658 1964 2694 ar·-

262 2725 490 2775 cessere,
526 2710 705 2762 omnia
740 2711 1038 2777 providere,
1078 2712 1311 2764 multum
1350 2713 1469 2781 ipse
1508 2732 1764 2781 pugnare,
1800 2734 1964 2786 saepe

262 2784 474 2837 hostem
502 2786 694 2850 ferire3
729 2787 935 2838 strenui
965 2787 1157 2839 militis
1185 2791 1242 2840 et
1266 2787 1394 2840 boni
1418 2790 1763 2859 imperatoris
1789 2793 1965 2847 officia

262 2861 419 2914 simul
455 2862 866 2930 exsequebatur.
942 2863 1192 2916 Petreius
1221 2864 1315 2917 ubi
1342 2866 1493 2919 videt
1520 2866 1810 2920 Catilinam
1840 2885 1965 2921 con-

262 2941 350 2989 tra
374 2954 437 2990 ac
462 2942 614 2991 ratus
635 2943 752 2991 erat
772 2956 968 3006 magna
986 2941 1038 2992 vi
1063 2940 1306 3006 tendere,
1327 2942 1605 2995 cohortem
1631 2945 1962 3011 praetoriam

265 3029 317 3063 ,η
342 3014 554 3065 medios
578 3013 750 3067 hostis
782 3016 1006 3080 inducit,
1032 3034 1234 3084 eosque
1259 3020 1612 3085 perturbatos
1637 3023 1803 3089 atque
1826 3021 1964 3075 alios

261 3087 392 3140 alibi
416 3088 736 3142 resistentes
761 3091 1047 3158 interficit3
1085 3093 1287 3146 deinde
1302 3095 1581 3163 utrimque
1605 3113 1672 3149 ex
1698 3096 1966 3151 lateribus

261 3167 472 3217 ceteros
514 3164 847 3231 aggreditur.
928 3168 1165 3222 Manlius
1204 3174 1260 3223 et
1301 3170 1635 3225 Faesulanus
1676 3174 1732 3226 in
1770 3174 1965 3242 primis

262 3243 567 3307 pugnantes
605 3240 822 3293 cadunt.
897 3244 1193 3314 Postquam
1228 3246 1373 3298 fusas
1411 3249 1594 3316 copias
1636 3265 1800 3316 seque
1840 3267 1965 3302 culn
