2269 3561
953 217 1257 266 OATILIN
1259 217 1325 264 A.
1955 214 1998 268 '3

270 293 430 346 -mani
467 292 715 360 carptim,
749 293 832 347 uti
865 310 1116 362 quaeque
1149 295 1414 350 memoria
1450 295 1617 365 digna
1650 296 1997 367 videbantur,
2058 330 2066 335 -

284 368 654 438 perscribere3
685 386 751 422 eo
775 370 950 438 magis
982 370 1133 438 quod
1164 371 1299 424 mihi
1330 388 1365 425 a
1397 388 1509 440 spe,
1543 376 1712 440 metu,
1745 374 2000 441 partibus

284 445 366 499 rei
389 445 639 514 publicae
664 446 876 499 animus
900 446 1042 500 liber
1066 451 1200 501 erat.
1277 448 1461 516 Igitur
1484 448 1556 501 de
1583 449 1849 502 Catilinae
1874 467 1998 503 con-

274 521 559 590 juratione
585 539 749 590 quam
772 523 1074 576 verissume
1098 528 1293 592 potero
1317 525 1503 592 paucis
1530 524 1836 591 absolvam3
1871 543 1998 579 nam

283 598 344 651 id
380 598 588 652 facinus
625 599 680 651 in
716 599 907 667 primis
943 616 1043 668 ego
1077 600 1432 653 memorabile
1469 601 1741 655 existumo
1779 602 1999 656 sceleris

283 678 452 744 atque
486 675 723 742 periculi
771 676 1033 729 novitate.
1128 677 1214 729 De
1266 676 1425 744 cujus
1478 676 1710 730 hominis
1758 677 1998 732 moribus

282 767 456 820 pauca
502 755 654 820 prius
702 752 1046 821 explananda
1092 756 1219 806 sunt
1265 768 1430 820 quam
1478 753 1694 809 initium
1740 756 1997 809 narrandi

282 827 494 882 faciam.

387 911 435 959 5.
506 905 707 959 Lucius
733 905 985 974 Catilina,
1018 905 1191 959 nobili
1223 904 1428 973 genere
1455 908 1634 972 natuS,
1663 904 1770 958 fuit
1801 922 1999 973 magna

282 981 335 1034 vi
363 984 421 1034 et
444 981 612 1034 animi
636 985 695 1036 et
718 982 972 1049 corporis,
993 982 1092 1036 sed
1110 981 1329 1049 ingenio
1347 980 1489 1033 malo
1507 996 1800 1049 pravoque.
1851 983 1998 1035 Huic

284 1057 355 1110 ab
374 1056 747 1111 adulescentia
765 1057 909 1111 bella
925 1058 1203 1122 intestina,
1227 1057 1440 1123 caedeS,
1457 1057 1699 1124 rapinae,
1724 1056 1997 1110 discordia

283 1133 457 1187 civilis
503 1136 664 1201 grata
710 1133 878 1198 fuere,
924 1133 1110 1200 ibique
1147 1133 1501 1200 juventutem
1541 1149 1692 1185 suam
1734 1135 1993 1187 exercuit.

287 1209 500 1278 Corpus
522 1209 739 1278 patiens
761 1209 994 1276 inediae,
1020 1208 1234 1276 algoriS,
1260 1209 1489 1275 vigiliae,
1516 1225 1681 1276 supra
1705 1225 1868 1276 quam
1887 1211 1998 1262 cui-

284 1303 447 1355 quam
474 1284 752 1339 credibile.
829 1286 1065 1338 Animus
1090 1285 1286 1352 audaX,
1313 1283 1590 1351 subdolus,
1622 1285 1816 1352 varius,
1843 1284 1997 1353 cujus

283 1363 365 1416 rei
391 1361 547 1415 lubet
572 1361 857 1415 simulator
881 1377 945 1414 ac
969 1360 1344 1414 dissimulator
1368 1381 1380 1426 ;
1414 1360 1575 1414 alieni
1603 1363 1887 1428 appetenS,
1914 1361 1997 1413 sui

284 1438 552 1507 profusus,
606 1437 805 1492 ardens
851 1438 909 1490 in
965 1435 1360 1506 cupiditatibus
1382 1459 1396 1503 3
1447 1437 1579 1490 satis
1636 1437 1995 1505 eloquentiae,

280 1515 585 1583 sapientiae
608 1532 815 1584 parum.
890 1514 1099 1568 Vastus
1129 1513 1343 1567 animus
1366 1513 1742 1580 immoderata,
1764 1513 1996 1566 incredi-

284 1590 425 1656 bilia,
461 1591 624 1644 nimis
655 1592 769 1644 alta
805 1607 1023 1660 semper
1056 1589 1327 1659 cupiebat.
1403 1591 1566 1643 Hunc
1598 1594 1724 1657 post
1756 1589 1995 1642 domina-

283 1668 488 1721 tionem
521 1667 654 1720 Luci
685 1668 866 1722 Sullae
894 1667 1083 1720 lubido
1119 1683 1376 1719 maxuma
1404 1666 1679 1719 invaserat
1708 1665 1789 1718 rei
1818 1664 1991 1733 publi-

283 1759 380 1797 cae
427 1743 744 1812 capiundae,
788 1760 969 1813 neque
1015 1743 1075 1796 id
1119 1742 1317 1812 quibus
1367 1742 1543 1796 modis
1590 1745 1993 1811 assequeretur,

284 1820 418 1873 dum
467 1819 570 1873 sibi
618 1836 845 1888 regnum
894 1824 1132 1889 pararet,
1190 1822 1481 1888 quicquam
1538 1819 1693 1887 pensi
1739 1818 1993 1876 habebat.

289 1894 624 1962 Agitabatur
650 1897 822 1963 magis
847 1897 1131 1964 magisque
1164 1896 1221 1948 in
1246 1896 1365 1948 dies
1394 1896 1607 1948 animus
1630 1894 1785 1947 ferox
1815 1895 1996 1961 inopia

288 1971 368 2024 rei
391 1970 677 2024 familiaris
708 1974 766 2025 et
794 1972 1124 2025 conscientia
1158 1972 1440 2037 scelerum,
1471 1988 1611 2039 quae
1644 1973 1877 2038 utraque
1910 1970 2004 2023 his

285 2047 499 2101 artibus
522 2051 766 2115 auxerat,
793 2064 930 2116 quas
955 2064 1119 2115 supra
1143 2047 1454 2100 memoravi.
1506 2046 1818 2099 Incitabant
1842 2063 1997 2114 prae-

286 2127 443 2177 terea
466 2124 709 2191 corrupti
743 2123 983 2177 civitatis
1014 2139 1207 2188 morcS,
1243 2140 1380 2191 quos
1417 2139 1671 2192 pessuma
1694 2139 1756 2175 ac
1780 2122 1998 2177 divorsa

286 2200 434 2253 inter
472 2216 533 2253 se
570 2200 726 2267 mala,
770 2201 987 2254 luxuria
1028 2203 1196 2268 atque
1238 2200 1483 2264 avaritia,
1526 2200 1814 2252 vexabant.
1887 2199 1997 2253 Rcs

287 2275 407 2343 ipsa
430 2275 640 2328 hortari
672 2276 908 2343 videtur,
938 2277 1190 2343 quoniam
1221 2275 1293 2329 de
1323 2276 1567 2329 moribus
1595 2275 1832 2329 civitatis
1860 2278 1997 2327 tem-

286 2367 390 2419 pus
413 2350 712 2417 admonuit,
751 2368 917 2419 supra
945 2355 1199 2419 repetere
1232 2369 1295 2405 ac
1329 2353 1518 2420 paucis
1550 2352 1807 2406 instituta
1828 2350 1997 2417 majo-

286 2443 408 2479 rum
448 2425 598 2479 domi
632 2427 984 2495 militiaeque,
1025 2444 1133 2496 quo
1167 2428 1330 2480 modo
1367 2445 1482 2481 rem
1522 2427 1794 2496 publicam
1830 2425 1999 2479 habu-

287 2503 432 2556 erint
455 2506 829 2571 quantamque
854 2503 1191 2572 reliquerint,
1220 2508 1285 2556 ut
1310 2505 1574 2573 paulatim
1606 2504 1896 2557 immutata
1928 2518 1997 2555 ex

287 2579 671 2648 pulcherruma
706 2595 961 2647 pessuma
1002 2596 1065 2633 ac
1099 2579 1539 2646 flagitiosissuma
1579 2582 1727 2634 facta
1764 2579 1850 2645 sit,
1889 2576 1998 2630 dis-

288 2672 488 2710 serere.

393 2738 440 2787 6.
489 2731 698 2785 Urbem
722 2732 970 2800 Romam,
989 2731 1133 2786 sicut
1158 2750 1261 2799 ego
1287 2734 1486 2801 accepi,
1503 2732 1803 2787 condidere
1828 2735 1997 2800 atquc

289 2808 531 2862 habuere
562 2808 722 2861 initio
757 2807 991 2876 Trojani,
1025 2809 1117 2877 qui
1146 2813 1338 2861 Aenea
1363 2809 1502 2862 duce
1523 2809 1745 2877 profugi
1776 2809 1997 2862 sedibus

289 2884 517 2939 incertis
543 2886 901 2953 vagabantur,
940 2902 1175 2953 cumque
1205 2885 1290 2938 his
1320 2886 1664 2953 Aborigines,
1698 2902 1867 2952 genus
1902 2885 1996 2937 ho-

290 2961 497 3014 minum
521 2965 755 3028 agreste,
776 2962 891 3014 sine
912 2961 1138 3029 legibus,
1165 2961 1280 3014 sine
1304 2962 1800 3030 imperi0,1ibcrum
1827 2964 1996 3029 atque

292 3037 547 3091 solutum.
621 3038 700 3090 Hi
735 3042 1026 3106 postquam
1058 3038 1112 3090 in
1147 3054 1255 3090 una
1286 3039 1499 3091 moenia
1538 3054 1854 3105 convenere,
1888 3038 1998 3090 dis·

291 3113 410 3182 pari
442 3130 661 3180 genere,
697 3114 947 3166 dissimili
983 3114 1183 3181 lingua,
1226 3114 1364 3166 alius
1401 3114 1507 3166 alio
1545 3131 1694 3167 more
1733 3113 1995 3180 viventeS,

292 3188 617 3243 incredibile
651 3193 955 3243 memoratu
991 3193 1079 3244 est
1112 3206 1279 3259 quam
1308 3190 1468 3244 facile
1502 3190 1814 3244 coaluerint.
1884 3188 1997 3242 Sed

292 3270 585 3335 postquam
640 3282 732 3320 res
782 3283 971 3319 eorum
1025 3266 1248 3334 civibus,
1295 3266 1556 3334 moribuS,
1610 3264 1757 3333 agris
1817 3266 1996 3328 aucta,
