2269 3561
157 3376 214 3410 *a

243 191 303 237 68
733 189 787 236 Ο.
829 187 1177 236 SALLUSTI
1213 187 1446 235 CRISPI

238 272 356 323 tum
394 268 498 322 sibi
531 267 846 334 traderent;
880 271 1123 322 ceterum
1161 269 1337 336 palam
1375 281 1515 336 quae
1532 299 1537 302 ψ
1554 283 1622 320 ex
1659 266 1957 321 voluntate

236 345 415 398 forent
450 345 568 412 regi
606 346 847 398 nuntiari
876 344 1051 412 jubet.
1126 345 1340 397 Deinde
1372 344 1489 411 ipse
1527 344 1711 411 paticis
1747 344 1942 398 dicbus

234 422 447 474 intento
486 425 653 489 atque
691 422 889 475 infesto
928 422 1171 475 exercitu
1220 422 1273 472 in
1315 421 1630 473 Numidiam
1677 421 1942 489 procedit,

235 496 331 550 ubi
367 502 557 550 contra
589 498 715 550 belli
747 498 936 551 faciem
973 499 1194 565 tuguria
1228 498 1388 566 plena
1418 497 1708 561 hominum,
1744 514 1943 566 pecora

235 573 580 642 cultoresque
629 574 682 627 in
732 575 877 642 agris
926 580 1119 639 erant3
1166 591 1231 625 cx
1276 574 1490 642 oppidis
1537 576 1595 626 et
1640 574 1943 641 mapalibus

236 650 496 717 praefecti
547 651 692 717 regis
748 650 890 703 obvii
939 650 1325 720 procedebant,
1375 650 1554 717 parati
1606 650 1942 703 frumentum

237 725 386 792 dare,
411 728 773 780 commeatum
810 731 1048 795 portare,
1081 731 1357 794 postremo
1389 727 1570 779 omnia
1603 743 1742 793 quae
1773 726 1946 794 impe-

235 806 489 855 rarentur
535 803 729 856 facere.
803 804 997 871 Neque
1049 803 1305 856 Metellus
1348 802 1552 856 idcirco
1599 803 1787 866 minus,
1842 804 1944 857 sed

235 878 441 945 pariter
476 895 539 932 ac
574 881 617 932 si
654 880 840 933 hostes
873 881 1145 945 adessent,
1182 881 1389 932 munito
1422 880 1641 946 agmine
1668 879 1941 947 incedere,

234 954 345 1007 late
371 955 657 1024 explorare
691 957 884 1022 omnia,
920 956 1011 1008 illa
1041 955 1337 1008 deditionis
1368 955 1523 1022 signa
1553 956 1792 1008 ostentui
1828 973 1945 1009 cre-

236 1030 369 1083 dere
406 1037 463 1084 et
493 1032 700 1085 insidiis
729 1032 905 1086 locum
944 1036 1232 1100 temptare.
1307 1032 1505 1101 Itaque
1538 1033 1654 1101 ipse
1689 1049 1813 1085 cum
1848 1050 1947 1085 ex·-

233 1106 440 1174 peditis
487 1108 815 1175 cohortibus,
866 1111 999 1162 item
1046 1108 1387 1162 funditorum
1436 1112 1495 1162 et
1533 1110 1943 1176 sagi'tariorum

235 1183 450 1236 delecta
474 1201 636 1237 manu
669 1185 816 1253 apud
840 1186 1045 1253 primos
1076 1188 1215 1252 erat,
1247 1186 1299 1237 in
1327 1189 1607 1254 postremo
1641 1185 1702 1238 C.
1731 1186 1944 1239 Marius

234 1260 446 1327 legatus
472 1278 592 1314 cum
625 1262 899 1329 equitibus
932 1262 1177 1329 curabat,
1214 1263 1267 1314 in
1293 1270 1588 1329 utrumque
1622 1262 1766 1314 latus
1790 1264 1945 1315 auxi-

233 1336 413 1389 liarios
438 1337 653 1405 equites
679 1338 911 1391 tribunis
935 1339 1206 1406 legionum
1233 1342 1290 1391 ct
1314 1338 1609 1407 praefectis
1633 1339 1943 1393 cohortium

234 1413 638 1481 dispertiverat,
690 1419 751 1467 ut
784 1431 904 1468 cum
949 1415 1033 1468 his
1074 1415 1330 1483 permixti
1380 1415 1572 1468 velites
1615 1432 1943 1485 quocunque

234 1489 554 1543 accederent
604 1491 882 1558 equitatus
936 1490 1175 1544 hostium
1219 1492 1615 1559 propulsarent.
1687 1491 1832 1544 Nam
1884 1493 1942 1546 in

234 1564 270 1616 J
276 1565 513 1632 ugurtha
546 1568 733 1619 tantus
765 1566 921 1620 dolus
953 1570 1217 1635 tantaque
1247 1568 1447 1636 peritia
1479 1568 1718 1621 locorum
1753 1573 1810 1622 et
1844 1570 1943 1621 mi-

232 1640 386 1693 litiae
411 1645 546 1708 erat,
576 1647 638 1695 ut
663 1642 859 1694 absens
884 1659 952 1695 an
982 1660 1256 1711 praesenS,
1292 1661 1481 1712 pacem
1516 1662 1584 1696 an
1614 1645 1817 1697 bellum
1849 1663 1943 1713 ge-

232 1732 359 1769 rens
385 1718 736 1785 perniciosior
762 1722 911 1772 esset
936 1718 990 1770 in
1018 1720 1225 1771 incerto
1250 1720 1563 1773 haberetur.

336 1797 418 1850 47.
499 1795 629 1848 Erat
646 1795 792 1847 haud
811 1796 970 1864 longe
996 1796 1065 1848 ab
1090 1814 1154 1849 eo
1174 1797 1386 1863 itinere,
1404 1815 1513 1865 quo
1531 1799 1788 1852 Metellus
1811 1818 1940 1869 per-

231 1869 414 1936 gebat,
444 1872 700 1939 oppidnm
730 1872 1089 1925 Numidarum
1118 1874 1332 1926 nomine
1355 1875 1522 1940 Vaga,
1549 1876 1726 1928 forum
1750 1881 1939 1931 rerum

232 1947 497 1999 venalium
534 1950 702 2000 totius
726 1949 879 2016 regni
914 1965 1165 2002 maxume
1199 1950 1550 2017 celebratum,
1578 1951 1669 2004 ubi
1703 1956 1761 2005 et
1795 1953 1942 2007 inco-

231 2021 343 2075 lere
369 2028 426 2075 et
458 2024 685 2076 mercari
720 2029 1113 2078 consueverant
1148 2026 1324 2079 Italici
1356 2028 1574 2094 generis
1602 2028 1760 2081 multi
1793 2047 1939 2082 mor-

230 2099 383 2152 tales.
463 2100 585 2153 Huc
623 2101 807 2154 consul
846 2100 1004 2152 simul
1041 2102 1349 2169 temptandi
1381 2104 1575 2170 gratia,
1609 2107 1666 2157 et
1703 2105 1746 2157 si
1785 2109 1939 2173 pate-

230 2178 423 2228 rentur
458 2177 881 2243 opportunitatis
920 2176 1036 2243 loci,
1080 2177 1413 2244 praesidium
1450 2178 1742 2247 imposuit3
1783 2197 1941 2248 prac-

231 2254 383 2304 terea
401 2253 689 2320 imperavit
714 2253 1047 2305 frumentum
1075 2256 1132 2306 et
1152 2253 1258 2305 alia
1283 2271 1420 2321 quae
1441 2254 1582 2308 bello
1609 2257 1730 2308 usui
1755 2258 1938 2312 forent

230 2334 587 2396 comportare,
628 2335 793 2394 ratus,
836 2329 894 2382 id
935 2330 1082 2396 quod
1126 2345 1215 2381 res
1254 2330 1527 2398 monebat,
1569 2332 1935 2400 frequentiam

227 2405 627 2471 negotiatorum
656 2411 713 2457 et
737 2412 1041 2458 commeatu
1062 2404 1382 2472 juvaturam
1412 2409 1714 2461 exercitum
1741 2409 1934 2477 etjam

228 2481 435 2547 paratis
468 2480 633 2533 rebus
665 2481 1002 2533 munimento
1035 2481 1166 2534 fore.
1239 2481 1397 2535 Inter
1420 2484 1553 2538 haec
1587 2486 1803 2553 negotia
1831 2487 1870 2540 J
1875 2505 1936 2540 n-

227 2555 429 2623 gurtha
453 2556 749 2625 impensius
769 2557 930 2610 modo
955 2557 1166 2624 legatos
1190 2560 1458 2626 supplices
1479 2560 1716 2629 mittere,
1744 2580 1934 2630 pacem

229 2648 402 2698 orare,
428 2637 651 2701 praeter
681 2651 831 2686 suam
857 2634 1263 2702 liberorumque
1299 2636 1464 2690 vitam
1495 2640 1674 2691 omnia
1704 2639 1933 2694 Metello

228 2707 446 2762 dedere.
522 2709 667 2773 Quos
704 2710 835 2762 item
876 2711 956 2763 uti
994 2710 1205 2779 priores
1239 2713 1421 2765 consul
1460 2714 1667 2767 illectos
1706 2715 1778 2768 ad
1813 2733 1935 2784 pro-

228 2784 491 2839 ditionem
518 2787 736 2839 domum
774 2787 1105 2853 dimittebat,
1137 2787 1253 2854 regi
1278 2804 1466 2853 pacem
1501 2807 1662 2856 quam
1696 2792 1934 2859 postula-

227 2860 324 2914 bat
360 2879 537 2930 noque
574 2863 808 2916 abnuere
846 2879 1022 2929 neque
1060 2862 1313 2930 polliceri,
1351 2868 1409 2917 et
1443 2866 1588 2919 inter
1625 2884 1716 2921 eas
1752 2885 1934 2923 moras

227 2938 495 3005 promissa
518 2940 818 3004 legatorum
847 2942 1181 3005 exspectare.

332 3019 415 3066 48.
490 3015 526 3067 J
532 3017 767 3081 ugurtha
803 3015 895 3066 ubi
932 3014 1145 3066 Metelli
1184 3016 1330 3068 dicta
1365 3034 1485 3070 cum
1521 3019 1683 3073 factis
1716 3038 1931 3089 compo-

230 3089 338 3142 suit
388 3107 450 3142 ac
502 3107 559 3142 se
614 3092 725 3142 suis
784 3090 996 3143 artibus
1059 3093 1316 3158 temptari
1369 3094 1607 3147 animum
1669 3097 1929 3164 advortit,

230 3165 435 3232 quippe
471 3166 555 3218 cui
584 3166 765 3219 verbis
800 3183 907 3233 pax
945 3165 1314 3233 nuntiabatur,
1353 3176 1594 3223 ceterum
1633 3188 1693 3224 re
1722 3173 1930 3229 bellum

230 3255 606 3306 asperrumum
636 3245 771 3308 erat,
803 3242 935 3296 urbs
964 3257 1220 3294 maxuma
1249 3244 1498 3314 alienata,
1522 3263 1656 3315 ager
1680 3248 1930 3304 hostibus
