2269 3561
936 228 1119 278 JUQJU
1127 228 1341 278 RTHA.
1933 235 1995 286 77

288 325 400 381 quo
442 310 605 365 modo
644 313 879 381 potuere
915 311 1073 379 pauci
1113 310 1329 379 integri,
1365 328 1562 380 magna.
1600 330 1729 382 pars
1754 314 1994 368 ‘volneri-

289 387 393 442 bus
425 388 660 443 confecti
695 387 914 442 abeunt.
987 386 1241 456 Denique
1275 389 1557 458 utrimque
1590 390 1857 458 proelium
1885 408 1991 444 nox

288 465 526 519 diremit.

394 550 473 597 61.
548 541 821 607 MetelluS,
847 544 1139 610 postquam
1170 542 1323 597 videt
1350 543 1556 598 frustra
1583 542 1876 612 inceptum,
1899 561 1992 598 ne-

286 634 392 686 que
418 617 683 688 oppidum
710 618 842 685 capi,
867 634 1047 685 neque
1072 619 1409 685 Jugurtham
1435 620 1538 672 nisi
1570 636 1638 673 ex
1661 619 1872 672 insidiis
1894 624 1991 674 aut

286 711 383 747 suo
418 695 537 747 loco
561 710 798 760 pugnam
823 694 1019 760 facere,
1046 699 1104 747 et
1133 695 1251 761 jam
1279 698 1548 748 aestatem
1582 700 1830 750 exactam
1856 714 1989 762 esse,

285 769 355 823 ab
381 772 547 824 Zama
566 769 797 822 discedit
822 773 878 822 et
902 770 957 821 in
982 770 1050 823 iis
1073 770 1316 837 urbibu5‚
1334 788 1476 838 quae
1494 772 1566 824 ad
1591 789 1649 825 se
1674 772 1990 827 defecerant

285 847 528 915 satisque
553 846 794 898 munitae
823 845 940 899 loco
965 849 1061 899 aut
1084 847 1370 900 moenibus
1395 852 1572 916 erant,
1596 849 1870 917 praesidia
1893 851 1989 902 im-

286 925 470 991 ponit;
504 928 747 975 ceterum
772 923 1069 974 exercitum
1093 922 1151 974 in
1184 924 1531 992 provinciam,
1559 942 1699 993 quae
1721 942 1988 993 proxuma

288 1005 375 1053 est
399 999 701 1065 Numidiae,
728 998 1000 1051 hiemandi
1024 1000 1206 1066 gratia.
1228 999 1471 1055 collocat.
1545 1002 1739 1069 Neque
1764 1002 1824 1055 id
1849 1005 1986 1056 tem-

286 1092 389 1144 pus
425 1093 493 1128 ex
528 1074 752 1127 aliorum
788 1091 938 1127 more
962 1074 1136 1142 quieti
1172 1079 1269 1127 aut
1305 1075 1556 1130 luxuriae
1592 1078 1856 1146 concedit,
1887 1081 1986 1133 sed

286 1153 539 1220 quoniam
575 1152 740 1204 armis
776 1150 977 1204 bellum
1015 1168 1209 1220 parum
1244 1153 1591 1219 procedebat,
1614 1155 1839 1208 insidias
1867 1158 1985 1223 regi

283 1245 385 1297 per
428 1228 626 1282 amicos
661 1227 889 1281 tendere
928 1230 986 1280 et
1031 1243 1221 1280 eorum
1275 1228 1508 1297 perfidia
1556 1246 1657 1297 pro
1692 1231 1857 1284 armis
1900 1233 1985 1286 uti

280 1309 455 1375 parat.
529 1305 710 1373 Igitur
747 1304 1121 1371 Bomilcarem,
1162 1304 1256 1371 qui
1295 1304 1499 1358 Romae
1537 1323 1659 1357 cum
1702 1307 1738 1358 J
1743 1308 1984 1373 ugurtha

279 1382 476 1449 fuerat,
514 1385 573 1435 et
618 1379 748 1434 inde
784 1378 1012 1433 vadibus
1058 1379 1205 1433 datis
1250 1380 1387 1432 clam
1428 1382 1695 1435 Massivae
1741 1383 1812 1435 de
1851 1401 1985 1437 nece

270 1457 542 1525 judicium
591 1458 822 1526 fugerat,
869 1456 1019 1524 quod
1072 1457 1123 1509 ei
1173 1473 1275 1525 per
1325 1474 1635 1510 maxumam
1689 1460 1981 1513 amicitiam

278 1551 533 1587 maxuma
580 1534 734 1603 copia
780 1532 1011 1586 fallendi
1066 1537 1200 1600 erat,
1256 1534 1444 1587 multis
1502 1534 1984 1602 pollicitationibus

278 1611 613 1678 aggreditur.
701 1614 786 1664 Ac
842 1610 1015 1678 primo
1076 1609 1243 1663 efficit
1301 1614 1366 1663 ut
1415 1611 1488 1664 ad
1534 1627 1593 1665 se
1640 1612 1983 1681 colloquendi

275 1689 456 1754 gratia
502 1688 743 1740 occultus
785 1686 1002 1751 veniat3
1054 1684 1184 1738 dein
1224 1686 1333 1738 fide
1376 1688 1521 1755 data,
1564 1688 1608 1741 si
1648 1689 1983 1757 Jugurtham

277 1763 459 1817 vivum
494 1766 590 1817 aut
624 1767 874 1817 necatum
906 1762 1008 1816 sibi
1039 1762 1376 1831 tradidisset,
1408 1763 1526 1818 fore
1560 1768 1623 1818 ut
1651 1764 1727 1817 illi
1762 1770 1983 1819 senatus

274 1841 657 1909 impunitatem
691 1844 748 1894 et
780 1857 877 1894 sua
914 1840 1094 1892 omnia
1137 1839 1477 1908 concederet,
1510 1842 1668 1895 facile
1706 1842 1981 1895 Numidae

274 1917 587 1985 persuadet,
630 1933 796 1984 quum
838 1916 1056 1984 ingenio
1098 1915 1282 1982 infido,
1323 1920 1442 1969 tum
1482 1918 1764 1984 metuenti,
1807 1935 1892 1984 ne,
1936 1919 1980 1970 si

273 2010 384 2062 pax
418 2010 540 2047 cum
576 1993 835 2046 Romanis
873 1993 1049 2058 fieret,
1083 1991 1202 2059 ipse
1239 2008 1341 2059 per
1378 1993 1721 2047 condiciones
1752 1993 1826 2047 ad
1856 2011 1980 2061 sup-

273 2069 495 2137 plicium
519 2069 849 2123 traderetur.

380 2152 459 2200 62.
536 2146 610 2213 Is,
646 2144 740 2198 ubi
779 2145 1015 2213 primum
1063 2148 1425 2213 opportunum
1475 2144 1595 2211 fuit,
1643 2144 1681 2196 J
1686 2145 1979 2211 ugurtham

272 2223 495 2275 anxium
537 2239 600 2275 ac
643 2224 995 2274 miserantem
1042 2221 1289 2274 fortunas
1334 2238 1457 2274 suas
1500 2221 1743 2285 accedit3
1794 2230 1981 2277 monet

270 2302 442 2366 atque
464 2298 769 2351 lacrumans
803 2296 1112 2351 obtestatur
1137 2301 1200 2350 ut
1224 2297 1513 2365 aliquando
1550 2296 1652 2351 sibi
1686 2297 1980 2366 liberisque

269 2377 330 2428 et
354 2375 507 2442 genti
542 2374 905 2427 Numidarum
935 2376 1160 2441 optume
1191 2375 1425 2427 merenti
1460 2373 1777 2442 provideat;
1813 2377 1981 2429 omni-

269 2450 375 2503 bus
415 2451 633 2520 proeliis
673 2467 793 2504 sese
828 2449 1015 2517 victos,
1052 2466 1241 2517 agrum
1280 2453 1569 2517 vastatum,
1609 2450 1808 2505 multos
1841 2469 1981 2505 mor-

268 2527 398 2581 talis
430 2531 631 2597 captos,
671 2527 888 2592 occisori,
919 2527 1075 2594 regni
1108 2542 1240 2595 opes
1270 2527 1631 2581 comminutas
1660 2544 1810 2594 esse;
1846 2530 1979 2583 satis

268 2619 435 2671 saepe
452 2604 570 2671 jam
595 2607 654 2656 et
677 2604 939 2657 virtutem
965 2602 1200 2655 militum
1225 2607 1283 2656 et
1307 2604 1583 2657 fortunam
1619 2608 1945 2672 temptatam
1968 2626 1978 2669 ;

267 2685 462 2734 caveat
501 2697 570 2732 ne
608 2680 701 2732 illo
732 2682 1026 2733 cunctante
1060 2678 1334 2732 Numidae
1370 2679 1473 2733 sibi
1503 2681 1800 2734 consulant.
1875 2682 1978 2734 His

266 2760 438 2825 atque
463 2757 663 2809 talibus
688 2756 808 2809 aliis
831 2755 903 2808 ad
929 2754 1269 2808 deditionem
1293 2756 1438 2823 regis
1463 2756 1702 2809 animum
1729 2756 1975 2825 impellit.

266 2833 571 2886 Mittuntur
610 2833 682 2885 ad
720 2833 1106 2900 imperatorem
1146 2830 1314 2899 legati
1360 2832 1453 2899 qui
1498 2831 1834 2899 Jugurtham
1882 2833 1979 2885 im-

264 2911 463 2977 perata
508 2909 778 2962 facturum
827 2908 1089 2974 dicerent,
1132 2924 1195 2960 ac
1236 2907 1352 2960 sine
1400 2907 1511 2961 ulla
1558 2908 1809 2976 pactione
1856 2924 1977 2962 sese

263 3002 603 3053 regnumque
629 3002 785 3038 suum
810 2985 868 3037 in
892 2983 1038 3036 illius
1063 2983 1229 3037 fidem
1255 2982 1494 3037 tradere.
1570 2983 1828 3038 Metellus
1852 3002 1976 3054 pro-

261 3078 399 3132 pere
422 3065 644 3115 cunctos
678 3060 938 3114 senatorii
968 3059 1176 3112 ordinis
1200 3076 1267 3112 ex
1294 3059 1537 3112 hibernis
1562 3060 1762 3113 arcessi
1778 3059 1975 3128 jubet3

262 3154 453 3191 eorum
495 3141 662 3206 atque
706 3137 933 3191 aliorum
976 3153 1111 3204 quos
1151 3136 1375 3190 idoneos
1413 3135 1653 3190 ducebat
1690 3138 1973 3191 consilium

262 3213 447 3267 habet.
522 3214 612 3267 Ita
644 3230 795 3266 more
830 3212 1101 3279 majorum
1138 3230 1205 3265 ex
1238 3212 1426 3265 consili
1453 3212 1679 3266 decreto
1705 3229 1805 3281 per
1828 3213 1974 3280 lega-

262 3294 352 3344 tos
400 3289 437 3343 J
442 3289 713 3357 ugurthae
761 3289 997 3356 imperat
1045 3289 1259 3355 argenti
1307 3288 1490 3357 pondo
1538 3288 1774 3343 ducenta
1808 3288 1971 3353 milia,

1039 3376 1074 3427 7
