2269 3561
230 239 291 283 66
535 299 544 306 Ι
718 235 774 283 Ο.
812 235 1163 283 SALLUSTI
1199 235 1436 283 CRISPI

228 316 507 385 potentiae
544 315 777 370 addidit.
850 317 1002 381 Quae
1048 333 1139 370 res
1174 316 1498 385 plerumque
1539 331 1765 384 magnas
1804 316 1934 370 civi*

227 395 374 446 tites
422 392 823 461 pessumdedit,
856 393 988 445 dum
1034 394 1195 446 alteri
1232 394 1436 447 alteros
1482 393 1699 447 vincere
1742 394 1937 460 quovis

229 468 390 521 modo
424 473 481 521 et
511 469 684 522 victos
720 470 967 522 acerbius
993 471 1179 523 ulcisci
1210 471 1409 523 volunt.
1484 470 1595 523 Sed
1629 470 1700 523 de
1735 470 1937 523 studiis

228 546 468 613 partium
513 549 571 599 et
614 546 788 598 omnis
833 546 1067 599 civitatis
1107 546 1351 599 moribus
1393 547 1437 598 si
1491 547 1803 614 singulatim
1838 551 1936 599 aut

231 640 329 689 iro
376 622 754 689 magnitudine
797 639 985 692 parem
1030 623 1316 690 disserere,
1367 627 1585 692 tempus
1635 641 1798 691 quam
1844 639 1936 675 res

231 699 496 751 maturius
520 715 608 751 me
633 698 865 751 deserat.
929 699 1293 764 Quamobrem
1319 700 1389 751 ad
1415 700 1690 768 inceptum
1722 700 1901 751 rede0.

336 781 418 828 43.
491 774 622 828 Post
661 775 790 828 Auli
827 775 1019 828 foedus
1057 776 1442 844 exercitusque
1472 775 1646 828 nostri
1675 773 1939 845 [foedam]

230 852 413 918 fugam
456 852 519 915 Q.
557 851 815 905 Metellus
857 855 915 905 et
962 852 1037 904 M.
1076 852 1303 905 Silanus.
1354 851 1601 905 consules
1650 850 1940 919 designati,

229 927 536 995 provincias
578 928 723 981 inter
767 944 827 981 se
876 928 1235 997 partiverant,
1288 927 1627 995 Metelloque
1677 927 1942 980 Numidia

232 1008 504 1071 evenerat,
548 1005 659 1057 acri
698 1005 812 1057 viro
849 1009 908 1058 et
944 1021 1275 1073 quamquam
1314 1005 1546 1057 advorso
1583 1004 1767 1072 populi
1814 1021 1940 1072 par-

229 1081 384 1148 tium,
409 1080 553 1133 fama
577 1085 761 1133 tamen
786 1081 1055 1149 aequabili
1082 1084 1142 1133 et
1165 1080 1438 1135 inviolata.
1501 1082 1560 1134 Is
1585 1080 1681 1133 ubi
1705 1081 1942 1149 primum

231 1157 614 1223 magistratum
640 1158 919 1224 ingressus
953 1161 1054 1224 est,
1092 1158 1198 1210 alia
1230 1159 1411 1210 omnia
1441 1158 1544 1211 sibi
1577 1174 1699 1209 cum
1734 1156 1946 1223 collega

233 1236 400 1299 ratuS,
436 1233 506 1285 ad
536 1232 739 1286 bellum
777 1234 924 1302 quod
962 1238 1222 1301 gesturus
1257 1237 1378 1286 erat
1411 1235 1649 1287 animum
1688 1233 1944 1286 intendit.

237 1309 418 1376 Igitur
454 1309 710 1363 diffidens
745 1311 918 1363 veteri
956 1310 1224 1363 exercitui
1261 1310 1464 1362 milites
1501 1309 1758 1376 scribere,
1791 1326 1946 1378 prae-

236 1385 375 1438 sidia
406 1386 651 1454 undique
679 1403 970 1453 arcessere,
998 1403 1164 1452 arma,
1196 1386 1322 1449 tela,
1357 1402 1541 1454 equoS,
1569 1388 1626 1438 et
1657 1390 1842 1438 cetera
1866 1386 1947 1437 in-

236 1464 541 1515 strumenta
571 1463 800 1515 militiae
836 1480 1046 1531 parare,
1078 1461 1152 1514 ad
1185 1462 1288 1514 hoc
1323 1466 1686 1515 commeatum
1720 1462 1948 1529 affatim,

238 1539 475 1605 denique
501 1539 694 1607 omnia,
725 1540 945 1605 quaein
975 1538 1121 1592 bello
1157 1539 1307 1591 vario
1341 1542 1399 1591 et
1432 1538 1728 1591 multarum
1762 1554 1947 1590 rerum

237 1614 421 1681 egenti
445 1615 566 1666 usui
598 1630 717 1667 esse
743 1615 932 1668 solent.
1007 1614 1267 1668 Ceterum
1295 1614 1368 1667 ad
1402 1631 1468 1667 ea
1499 1614 1770 1682 patranda
1794 1630 1950 1666 sena-

237 1697 327 1744 tus
352 1691 692 1757 auctoritate,
728 1690 859 1744 socii
891 1706 1201 1757 nomenque
1226 1689 1485 1743 Latinum
1519 1694 1578 1743 et
1611 1707 1768 1758 reges
1800 1690 1950 1742 ultro

237 1766 438 1820 auxilia
462 1766 747 1834 mittendo,
784 1769 1062 1835 postremo
1097 1767 1273 1820 omnis
1308 1768 1499 1821 civitas
1529 1784 1739 1820 summo
1763 1766 1950 1820 studio

237 1842 601 1897 annitebatur.
675 1844 875 1912 Itaque
909 1861 977 1896 ex
1015 1844 1289 1896 sententia
1324 1844 1574 1896 omnibus
1603 1843 1766 1897 rebus
1791 1861 1950 1911 para-

237 1921 311 1974 tis
336 1920 758 1988 compositisque
791 1921 846 1972 in
873 1920 1191 1973 Numidiam
1223 1921 1596 1988 proficiscitur,
1629 1937 1826 1988 magna
1850 1937 1949 1988 spe

238 1997 451 2062 civium,
485 2013 653 2064 quum
691 2000 920 2065 propter
952 1997 1087 2049 artis
1125 1996 1308 2063 bonaS,
1351 2001 1469 2050 tum
1500 2013 1767 2063 maxume,
1802 1996 1952 2064 quod

239 2072 530 2126 advorsum
565 2073 784 2126 divitias
817 2073 1076 2126 invictum
1103 2073 1343 2126 animum
1373 2073 1613 2140 gerebat,
1638 2076 1696 2125 et
1721 2072 1953 2125 avaritia

239 2149 659 2215 magistratuum
683 2152 812 2202 ante
848 2147 905 2201 id
930 2152 1149 2217 tempus
1185 2149 1241 2201 in
1277 2149 1541 2202 Numidia
1573 2152 1792 2202 nostrae
1818 2165 1953 2217 opes

239 2230 499 2279 contusae
524 2224 871 2292 hostiumque
896 2229 1090 2278 auctae
1114 2229 1287 2278 erant.

344 2306 425 2354 44.
487 2300 598 2354 Sed
622 2300 716 2353 ubi
740 2301 796 2353 in
823 2300 1068 2354 Africam
1094 2302 1258 2367 venit,
1283 2302 1555 2355 exercitus
1578 2302 1628 2355 ei
1654 2301 1895 2355 traditur
1918 2317 1954 2354 a

240 2378 329 2446 Sp.
373 2376 574 2429 Albino
612 2393 712 2445 pro
748 2376 965 2429 consule
1000 2378 1162 2443 iners,
1211 2378 1461 2444 imbellis,
1509 2394 1688 2446 neque
1724 2377 1953 2446 periculi

238 2470 417 2521 neque
465 2452 665 2505 laboris
707 2453 939 2522 patienS,
988 2453 1174 2521 lingua
1222 2471 1386 2522 quam
1426 2471 1593 2506 manu
1631 2454 1951 2523 promptior,

239 2528 530 2598 praedator
555 2545 625 2581 ex
659 2529 818 2582 sociis
843 2533 902 2582 et
927 2529 1045 2598 ipse
1070 2531 1277 2598 praeda
1300 2530 1555 2597 hostium,
1583 2530 1698 2582 sine
1722 2530 1954 2597 imperio

240 2610 297 2658 et
323 2604 593 2657 modestia
625 2604 862 2658 habitus
937 2606 1029 2659 Ita
1061 2606 1381 2675 imperatori
1418 2623 1557 2659 novo
1587 2607 1711 2674 plus
1743 2623 1812 2658 ex
1841 2622 1956 2658 ma-

239 2681 307 2734 lis
341 2680 584 2732 moribus
614 2680 995 2734 sollicitudinis
1032 2699 1195 2749 quam
1229 2700 1297 2735 ex
1333 2685 1486 2750 eopia
1520 2683 1753 2736 militum
1787 2682 1956 2734 auxili

240 2760 338 2811 aut
386 2756 504 2824 spei
552 2757 726 2809 bonae
779 2758 1090 2811 accedebat.
1180 2759 1390 2813 Statuit
1439 2764 1624 2812 tamen
1678 2758 1953 2824 Metelhm,

241 2849 569 2900 quamquam
597 2835 655 2885 et
685 2835 1018 2887 aestivorum
1049 2839 1268 2904 tempus
1299 2836 1641 2889 comitiorum
1673 2851 1828 2887 mora
1855 2835 1956 2887 im-

240 2910 530 2976 minuerat,
567 2912 626 2962 et
663 2910 1076 2979 exspectatione
1125 2915 1354 2964 eventus
1392 2912 1589 2964 civium
1639 2911 1844 2964 animos
1879 2912 1957 2963 in-

241 2989 424 3039 tentos
462 2984 711 3054 putabat,
751 3002 855 3038 non
893 2987 1045 3053 prius
1081 2987 1286 3039 bellum
1331 2988 1606 3056 attingere
1645 3003 1805 3056 quam
1843 3003 1956 3039 ma-

234 3061 419 3128 jorum
446 3061 732 3129 disciplina
764 3062 969 3114 milites
999 3062 1252 3116 laborare
1291 3064 1570 3130 coegisset.
1630 3063 1772 3115 Nam
1802 3061 1959 3115 Albi-

242 3152 342 3188 nus
373 3135 500 3188 Auli
526 3138 714 3189 fratris
750 3139 1133 3206 exercitusque
1163 3139 1318 3193 clade
1352 3141 1645 3208 percuISUS‚
1665 3143 1956 3208 postquam

243 3213 565 3264 decreverat
588 3229 695 3264 non
731 3213 919 3280 egredi
957 3215 1249 3282 provincia,
1278 3222 1540 3282 quantum
1577 3217 1842 3282 temporis
1872 3231 1961 3267 ae-

243 3288 506 3340 stivorum
531 3287 586 3339 in
617 3287 848 3355 imperio
873 3288 995 3355 fuit,
1020 3290 1345 3359 plerumque
1370 3291 1572 3344 milites
1598 3292 1816 3345 stativis
1840 3298 1967 3344 cas-⁴

162 3456 208 3474 h...
