2269 3561
979 184 1018 232 J
1022 183 1405 233 UGURTHA.
1958 188 2050 234 103

328 266 499 335 guine
531 265 766 319 oblitum
799 264 1112 331 ostendere,
1148 282 1312 333 quem
1344 266 1400 318 in
1436 283 1619 335 pugna
1653 267 1786 319 satis
1820 265 2050 335 impigre

326 344 506 396 occiso
549 341 741 411 pedite
784 345 973 394 nostro
1015 347 1415 395 cruentaverat.
1501 343 1660 407 Quod
1707 343 1800 395 ubi
1848 341 2052 396 milites

325 436 609 487 accepere,
629 418 805 485 magis
830 416 1123 470 atrocitate
1151 417 1230 470 rei
1256 435 1420 486 quam
1446 418 1555 472 fide
1573 420 1730 472 nunti
1756 422 2049 489 terrentur,

325 496 605 563 simulque
637 493 861 547 barbari
891 493 1103 546 animos
1138 493 1333 547 tollere
1366 499 1424 547 et
1459 495 1514 547 in
1546 496 1824 563 perculsos
1853 495 2047 547 Roma-

322 589 424 625 nos
459 572 640 625 acrius
672 571 948 633 incedere.
1022 570 1264 639 Jamque
1298 571 1519 638 paulum
1553 570 1622 623 ab
1648 572 1778 639 fuga
1803 570 2045 635 aberant,

324 665 496 716 quum
527 647 679 701 Sulla
709 646 1015 715 profligatis
1046 646 1125 712 iis,
1153 663 1289 714 quos
1323 646 1613 700 advorsum
1647 648 1801 713 ierat,
1827 646 2047 699 rediens

324 724 540 777 Mauris
582 724 652 776 ab
696 723 872 776 latere
914 723 1160 776 incurrit.
1236 722 1486 776 Bocchus
1532 724 1717 778 statim
1761 723 2044 776 avortitur.

325 802 410 853 At
436 801 473 853 J
480 800 735 868 ugurtha,
770 800 904 852 dum
938 803 1250 853 sustentare
1285 816 1408 853 suos
1443 805 1503 853 et
1537 817 1707 868 prope
1733 799 1850 867 jam
1878 799 2045 867 adep-

322 879 442 930 tam
464 877 750 930 victoriam
776 876 1018 929 retinere
1045 876 1211 944 cupit,
1230 878 1631 929 circumventus
1656 876 1726 929 ab
1751 875 2043 943 equitibu8‚

322 953 528 1006 dextra
558 953 786 1005 sinistra
809 951 1062 1005 omnibus
1088 953 1290 1017 occisiS,
1318 952 1464 1006 solus
1495 952 1639 1005 inter
1664 951 1775 1004 tela
1806 951 2040 1005 hostium

322 1028 660 1082 vitabundus
712 1029 966 1097 erumpit.
1063 1029 1255 1096 Atque
1313 1028 1532 1081 interim
1582 1028 1792 1081 Marius
1839 1028 2041 1094 fugatis

322 1104 608 1173 equitibus
636 1104 878 1158 accurrit
901 1104 1105 1158 auxilio
1129 1105 1257 1172 suis,
1283 1122 1420 1172 quos
1444 1104 1573 1173 pelli
1599 1106 1716 1171 Jam
1741 1109 2040 1172 acceperat.

322 1181 579 1249 Denique
611 1182 800 1234 hostes
830 1180 999 1250 [jam]
1028 1181 1272 1249 undique
1305 1181 1425 1233 fusi.
1501 1181 1638 1233 Tum
1671 1180 2039 1248 spectaculum

319 1256 587 1311 horribile
629 1256 732 1327 [in]
774 1257 981 1325 campis
1023 1258 1369 1326 patentibus;
1424 1258 1577 1325 sequi
1619 1257 1824 1324 fugere,
1868 1257 2037 1310 occidi

320 1334 475 1402 capi3
512 1334 643 1402 equi
677 1334 780 1387 viri
814 1333 1013 1400 afflicti,
1043 1351 1105 1387 ac
1141 1333 1300 1387 mvlti
1337 1333 1646 1388 volneribus
1677 1333 1914 1402 acceptis
1946 1350 2038 1387 ne-

320 1426 432 1477 que
473 1410 666 1477 fugere
716 1425 877 1478 posse
924 1425 1104 1477 neque
1146 1410 1388 1476 quietem
1436 1411 1568 1479 pati,
1614 1410 1716 1463 niti
1764 1410 1927 1463 modo
1975 1426 2038 1462 ac

320 1486 514 1539 statim
545 1486 865 1550 concfdere3
901 1489 1181 1554 postremo
1216 1487 1412 1554 omnia,
1443 1504 1552 1555 qua
1585 1487 1731 1539 visus
1757 1490 1891 1555 e'rat,
1917 1503 2038 1540 con-

319 1566 499 1616 strata
536 1562 675 1629 telis,
714 1563 898 1628 armiS,
937 1561 1307 1629 cadaveribuS,
1345 1568 1405 1618 et
1440 1565 1586 1617 inter
1621 1580 1687 1616 ea
1724 1562 1921 1615 humus
1955 1562 2037 1614 in-

317 1638 470 1693 fecta
493 1639 770 1707 sanguine.

430 1722 544 1769 102.
622 1715 757 1770 Post
782 1733 848 1769 ea
878 1716 980 1769 loci
1005 1716 1193 1770 consul
1222 1715 1372 1769 haud
1397 1716 1563 1770 dubie
1580 1716 1697 1785 jam
1722 1717 1894 1771 victor
1916 1732 2037 1785 per-

317 1794 474 1847 venit
506 1793 564 1846 in
597 1793 857 1861 oppidum
893 1793 1117 1860 Cirtam,
1151 1810 1261 1860 quo
1293 1793 1448 1846 initio
1481 1795 1755 1862 profectus
1787 1792 2035 1846 intende-

317 1874 423 1924 rat.
498 1871 581 1923 Eo
613 1873 737 1938 post
762 1869 907 1921 diem
935 1870 1188 1935 quintum
1214 1886 1378 1936 quam
1409 1870 1608 1922 iterum
1641 1868 1860 1922 barbari
1892 1869 2033 1920 male

316 1950 716 2016 pugnaverant,
756 1945 922 2012 legati
955 1962 988 1997 a
1025 1944 1237 1997 Boccho
1273 1946 1513 2011 veniunt,
1548 1946 1640 2012 qui
1672 1945 1816 2012 regis
1849 1945 2032 1998 verbis

317 2023 390 2076 ab
429 2022 607 2075 Mario
643 2022 887 2089 petivere
924 2021 1060 2073 duos
1096 2038 1261 2089 quam
1298 2021 1606 2074 fidissumos
1641 2021 1713 2074 ad
1745 2038 1869 2074 eum
1906 2023 2030 2075 mit-

316 2102 497 2164 teret3
535 2098 673 2151 velle
699 2097 770 2150 de
803 2114 900 2151 suo
934 2102 993 2150 et
1025 2099 1094 2151 de
1127 2098 1313 2166 populi
1342 2098 1569 2151 Romani
1599 2097 1879 2151 commodo
1907 2114 2026 2151 cum

315 2175 386 2228 iis
419 2173 707 2228 disserere.
784 2172 886 2225 Ille
920 2173 1106 2226 statim
1143 2173 1201 2227 L.
1228 2174 1431 2227 Sullam
1466 2179 1525 2227 et
1551 2176 1621 2227 A.
1647 2174 1915 2227 Manlium
1948 2173 2027 2226 ire

305 2251 491 2320 jubet.
568 2250 672 2314 Qui
697 2266 1026 2318 quamquam
1051 2250 1210 2303 acciti
1233 2250 1402 2313 ibant,
1427 2255 1607 2305 tamen
1631 2251 1836 2319 placuit
1859 2250 2028 2304 verba

316 2325 469 2396 apud
503 2342 688 2393 regem
718 2325 913 2392 faeere,
940 2330 1005 2379 ut
1028 2326 1302 2393 ingenium
1339 2332 1435 2382 aut
1464 2345 1713 2381 avorsum
1738 2327 2028 2381 flecterent

316 2408 418 2456 aut
460 2401 717 2470 cupidum
759 2402 909 2470 pacis
952 2402 1328 2456 vehementius
1370 2404 1739 2458 accenderent.
1823 2404 2026 2473 Itaque

317 2478 484 2543 Sulla,
513 2478 667 2546 cujus
701 2478 1000 2546 facundiae,
1036 2496 1144 2532 non
1182 2480 1353 2533 aetati
1389 2497 1422 2533 a
1458 2481 1660 2534 Manlio
1695 2497 2024 2547 concessum,

313 2570 492 2624 pauca
515 2554 682 2606 verba
707 2552 1082 2621 hujuscemodi
1108 2556 1345 2611 locutus:
1384 2558 1413 2583 “
1430 2557 1550 2611 Rex
1578 2558 1805 2625 Bocche,
1831 2552 2027 2625 magna

314 2631 477 2684 nobis
512 2630 720 2684 laetitia
753 2634 853 2698 est,
881 2648 1047 2698 quum
1081 2636 1140 2685 te
1173 2632 1339 2686 talem
1372 2635 1548 2687 virum
1580 2635 1635 2687 di
1668 2651 1927 2688 monuere
1961 2640 2027 2689 ut

314 2707 611 2776 aliquando
640 2724 828 2776 pacem
854 2724 1014 2776 quam
1049 2708 1253 2762 bellum
1284 2711 1487 2779 malles,
1512 2728 1619 2764 neu
1652 2714 1710 2764 te
1739 2716 2023 2779 optumum

313 2801 439 2838 cum
466 2799 720 2851 pessumo
739 2784 977 2836 omnium
994 2785 1030 2836 J
1037 2786 1275 2852 ugurtha
1293 2786 1570 2841 miscendo
1589 2788 2024 2853 commaculare&

313 2859 476 2914 simul
506 2859 663 2912 nobis
687 2859 937 2913 demeres
963 2862 1217 2914 acerbam
1248 2864 1706 2918 necessitudinem
1732 2865 1942 2933 pariter
1966 2871 2024 2920 te

312 2938 593 2990 errantem
641 2938 809 3003 atque
849 2935 1001 2988 illum
1045 2937 1537 2994 sceleratissumum
1580 2942 1854 3011 persequi.
1928 2944 2024 2995 Ad

311 3013 416 3065 hoc
442 3011 640 3080 populo
663 3011 905 3064 Romano
920 3011 1038 3079 jam
1063 3030 1096 3066 a
1120 3016 1386 3085 principio
1411 3017 1605 3071 melius
1625 3018 1798 3071 visum
1823 3019 2023 3074 amicos

309 3106 477 3157 quam
510 3105 694 3142 servos
730 3104 1019 3155 quaerere3
1057 3092 1342 3162 tutiusque
1378 3094 1485 3148 rati
1519 3095 1823 3149 volentibus
1855 3113 2019 3165 quam

309 3163 515 3219 coactis
546 3164 877 3233 imperitare.
950 3165 1069 3218 Tibi
1100 3183 1230 3220 vero
1262 3169 1412 3223 nulla
1440 3172 1800 3241 opportunior
1830 3177 2021 3227 nostra

310 3239 565 3307 amicitia,
591 3241 844 3309 primum,
869 3241 1017 3309 quod
1046 3244 1234 3309 procul
1265 3244 1540 3315 absnmm,
1565 3247 1623 3300 in
1645 3263 1754 3314 quo
1784 3246 2019 3301 offensae
