2269 3561
1032 202 1246 251 CATIL
1252 202 1334 250 IN
1335 202 1400 251 A.
2005 205 2071 255 ‘27

368 298 521 337 remo
544 284 727 352 armis,
749 283 1121 350 cadaveribus,
1147 299 1341 336 cruore
1362 285 1531 350 atque
1553 280 1705 336 luctu
1728 282 1910 336 omnia
1932 298 2073 336 eom-

368 360 523 429 pleri.
593 360 719 425 Sed,
756 377 856 429 per
893 360 1027 414 deos
1060 358 1417 413 immortalis!
1458 374 1567 426 quo
1606 357 1700 410 illa
1734 358 1910 411 oratio
1947 376 2072 428 per-

370 437 573 491 tinuit?
610 454 679 490 an
704 437 785 491 uti
810 453 905 490 vos
931 437 1157 490 infestos
1190 434 1552 503 conjurationi
1583 433 1828 488 faceret?
1864 434 2073 488 scilicet

366 530 533 581 quem
572 531 662 567 res
699 517 855 567 tanta
895 516 1061 580 atque
1099 516 1213 564 tam
1255 517 1415 564 atrox
1461 527 1568 562 non
1614 511 1897 578 permovit,
1946 528 2071 564 eum

368 590 545 643 oratio
569 589 847 643 accendet.
900 589 1023 641 Non
1041 588 1121 641 ita
1136 591 1221 641 est
1233 609 1251 653 -;
1285 604 1464 656 neque
1483 587 1734 655 cuiquam
1760 587 2073 640 mortalium

367 666 599 734 injuriae
629 682 758 718 suae
787 682 985 733 parvae
1009 664 1298 728 videntur3
1333 663 1492 717 multi
1524 680 1616 717 eas
1643 663 1863 730 gravius
1895 680 2074 732 aequo

368 741 624 795 habuere.
697 742 809 795 Sed
847 741 966 795 aliis
1004 741 1112 794 alia
1146 739 1369 793 licentia
1407 742 1506 806 est,
1544 744 1731 807 patres
1764 739 2128 811 conscripti.»

254 819 353 890 ἣν
370 817 476 881 Qui
511 817 733 872 demissi
758 817 813 870 in
838 817 1068 871 obscuro
1092 817 1262 869 vitam
1295 815 1513 883 habent,
1546 816 1591 868 si
1628 814 1761 883 quid
1792 805 2116 869 iracundik‘*

368 893 666 963 deliquere,
683 894 844 961 pauci
863 894 1040 947 sciunt
1059 913 1072 958 ;
1102 892 1252 944 fama
1269 896 1436 959 atque
1459 892 1676 944 fortuna
1699 908 1888 944 eorum
1911 909 2073 960 pares

368 973 531 1034 sunt;
565 970 658 1037 qui
698 986 894 1036 magno
930 969 1159 1037 imperio
1200 968 1444 1036 praediti
1483 969 1538 1020 in
1581 968 1796 1021 excelso
1832 972 2071 1022 aetatem

366 1049 551 1112 agunt,
576 1062 764 1099 eorum
787 1045 933 1099 facta
955 1044 1139 1098 cuncti
1165 1044 1423 1098 mortales
1447 1060 1660 1096 novere⁴
1728 1045 1819 1097 Ita
1842 1044 1899 1096 in
1924 1061 2073 1097 max-

365 1136 494 1173 uma
521 1121 741 1175 fortuna
769 1122 1009 1174 minuma
1037 1120 1257 1173 licentia
1287 1123 1373 1173 est
1396 1139 1407 1183 ;
1443 1136 1621 1187 neque
1647 1119 1871 1173 studere
1896 1137 2073 1188 neque

365 1196 564 1261 odisse,
599 1197 698 1251 sed
730 1197 971 1250 minume
1009 1195 1172 1249 irasci
1210 1195 1401 1259 decet3
1439 1212 1578 1263 quae
1611 1196 1758 1263 apud
1799 1196 1931 1248 alios
1968 1198 2073 1249 ira-

364 1273 566 1326 cundia
594 1273 812 1340 dicitur‚
847 1290 912 1326 ea
944 1273 999 1325 in
1027 1272 1260 1340 imperio
1291 1271 1548 1340 superbia
1575 1276 1743 1341 atque
1774 1272 2072 1345 crudelitas

362 1350 686 1417 appellatur.
744 1348 1017 1418 Equidem
1037 1365 1140 1416 ego
1157 1349 1235 1402 sic
1253 1348 1538 1414 existumO,
1553 1352 1741 1415 patres
1765 1348 2071 1417 conscripti,

362 1426 537 1479 omnis
575 1427 847 1480 cruciatus
884 1426 1122 1478 minores
1156 1441 1321 1492 quam
1368 1423 1610 1477 facinora
1656 1424 1873 1477 illorum
1919 1440 2074 1490 esse;

362 1500 462 1553 sed
484 1501 732 1569 plerique
756 1501 1016 1554 mortales
1040 1505 1320 1569 postrema
1344 1501 1659 1565 meminere,
1685 1504 1743 1553 et
1766 1501 1822 1554 in
1847 1501 2073 1554 homini-

359 1575 466 1629 bus
486 1577 667 1645 impiis
691 1578 912 1631 sceleris
936 1593 1125 1631 eorum
1145 1576 1303 1629 obliti
1328 1575 1399 1629 de
1425 1592 1598 1643 poena
1618 1576 1911 1644 disserunt,
1935 1578 1982 1630 si
2007 1595 2072 1631 ea

358 1652 522 1720 paulo
564 1654 806 1706 severior
845 1638 1010 1741 suits)
1095 1694 1106 1706 .
1153 1652 1412 1717 Silanum,
1451 1652 1626 1705 virum
1664 1652 1861 1705 fortem
1902 1658 2070 1722 atque

360 1731 657 1795 strenuum,
695 1733 847 1784 certe
890 1745 966 1783 801
1040 1745 1181 1797 quae
1221 1727 1426 1782 dixerit
1475 1727 1659 1782 studio
1697 1729 1777 1782 rei
1816 1729 2070 1799 publicae

359 1803 577 1873 dixisse,
614 1823 791 1874 neque
824 1806 977 1858 illum
1011 1808 1067 1858 in
1100 1803 1258 1858 tanta
1282 1821 1342 1858 re
1366 1804 1601 1872 gratiam
1626 1810 1724 1858 aut
1752 1806 2069 1860 inimicitias

360 1896 651 1946 exercere3
710 1898 803 1934 eos
836 1898 1017 1935 mores
1049 1897 1283 1949 eamque
1316 1880 1641 1934 modestiam
1665 1882 1767 1934 viri
1806 1884 2033 1950 cognovi
2057 1905 2069 1948 ;

359 1972 549 2009 verum
573 1957 847 2010 sententia
861 1956 982 2024 ejus
998 1957 1131 2009 mihi
1157 1973 1263 2009 non
1285 1956 1522 2010 crudelis
1540 1956 1693 2025 (quid
1712 1957 1855 2011 enim
1870 1959 1925 2010 in
1940 1960 2069 2012 talis

359 2031 605 2086 homines
642 2032 864 2086 crudele
894 2033 1014 2086 fieri
1054 2036 1240 2100 potest
1257 2021 1446 2111 &Caeci
1479 2032 1658 2087 aliena
1690 2050 1724 2086 a
1754 2051 1815 2087 re
1852 2034 2070 2101 publica

304 2095 329 2114 ¹*
358 2113 545 2162 nostra
567 2094 829 2194 videtur.)
871 2109 1012 2161 Nam
1047 2108 1293 2176 profecto
1318 2113 1415 2162 aut
1439 2112 1619 2162 metus
1654 2114 1751 2163 aut
1787 2110 1987 2178 injuria
2012 2117 2069 2165 te

357 2183 590 2252 subegit,
618 2185 814 2250 Silano,
841 2185 1116 2238 consulem
1142 2183 1500 2252 designatum,
1538 2202 1711 2252 genus
1744 2202 1950 2253 poenae
1975 2205 2068 2240 no-

356 2275 484 2313 vum
500 2260 807 2314 decernere.
856 2261 940 2314 De
961 2261 1160 2314 timore
1186 2277 1646 2329 supervacaneum
1672 2266 1757 2315 est
1782 2262 2066 2333 disserere,

355 2352 522 2403 quum
547 2337 871 2406 praesertim
896 2336 1185 2404 diligentia
1209 2337 1509 2389 clarissumi
1525 2337 1627 2390 viri
1653 2339 1886 2391 consulis
1912 2343 2068 2393 tanta

353 2413 625 2480 praesidia
657 2413 768 2467 sint
806 2414 859 2466 in
892 2414 1072 2467 armis,
1149 2413 1236 2466 De
1274 2429 1448 2481 poena
1485 2429 1771 2481 possumus
1808 2416 2065 2483 equidem

355 2488 551 2556 dicere,
564 2489 625 2542 id
644 2489 791 2557 quod
815 2506 904 2542 res
928 2489 1106 2554 habet,
1130 2490 1187 2543 in
1210 2488 1362 2542 luctu
1385 2492 1552 2557 atque
1577 2489 1808 2544 miseriis
1833 2494 2064 2544 mortem

354 2581 734 2619 aerumnarum
773 2565 1034 2634 requiem,
1066 2582 1176 2618 11011
1219 2564 1520 2619 cruciatum
1545 2582 1679 2632 esse,
1712 2583 1832 2618 eam
1871 2572 2067 2620 cuncta

353 2641 663 2695 mortalium
710 2641 854 2695 mala
901 2641 1210 2705 dissolvere,
1258 2641 1406 2693 ultra
1453 2657 1632 2708 neque
1678 2657 1840 2695 curae
1888 2659 2065 2710 neque

353 2717 555 2784 gaudio
581 2718 755 2770 locum
781 2733 916 2771 esse.
988 2717 1115 2783 Sed,
1149 2734 1250 2785 per
1282 2716 1417 2769 deos
1447 2716 1802 2771 immortalis!
1843 2734 2066 2785 quamo-

353 2793 509 2848 brem
541 2794 596 2846 in
630 2793 959 2847 sententiam
993 2792 1417 2859 non'addidisti,
1456 2792 1536 2845 uti
1571 2792 1724 2860 prius
1745 2792 2066 2846 verberibus

352 2869 409 2922 in
451 2886 544 2923 eos
580 2869 1148 2924 animadvortet-etur?
1222 2871 1315 2922 An
1351 2869 1476 2935 quia
1518 2868 1609 2922 lex
1651 2869 1846 2922 Porcia
1869 2874 2064 2924 vetat?

356 2948 437 3000 At
475 2945 612 3000 aliae
648 2945 798 3013 leges
834 2946 968 2998 item
1010 2944 1389 2998 condemnatis
1428 2944 1639 3010 civibus
1679 2960 1786 2996 non
1826 2946 2063 2999 animam

352 3022 507 3092 eripi,
550 3021 649 3076 sed
690 3021 910 3076 exilium
946 3021 1197 3088 permitti
1232 3020 1456 3089 jubent.
1533 3022 1638 3086 An,
1680 3021 1809 3088 quia
1845 3023 2064 3088 gravius

353 3106 439 3153 cst
464 3098 740 3152 verberari
773 3114 935 3167 quam
970 3097 1193 3150 necari?
1267 3095 1412 3161 Quid
1445 3101 1630 3150 autem
1668 3097 1926 3150 acerbum
1965 3104 2063 3151 aut

352 3175 515 3230 nimis
552 3191 719 3245 grave
760 3178 846 3229 est
886 3173 940 3226 111
984 3172 1232 3226 homines
1275 3172 1416 3225 tanti
1452 3173 1708 3228 facinoris
1748 3174 2062 3227 convictos?

353 3251 465 3319 Sin,
510 3251 637 3321 quia
676 3251 846 3306 levius
884 3254 984 3315 cst,
1029 3248 1125 3319 qui
1173 3248 1427 3302 convenit
1471 3249 1527 3302 in
1576 3249 1784 3302 minore
1832 3249 2061 3315 negotio

2059 3429 2125 3458 ,A
