2269 3561
960 206 1379 255 JUGURTHA.
1967 212 2028 260 85

265 303 277 323 t
311 284 519 354 oppido
550 301 751 354 aquam
784 301 905 338 esse
938 302 1102 353 supra
1134 286 1386 355 diximus,
1412 286 1667 354 jumenta
1699 293 1920 356 onerat3
1956 308 2021 345 eo

311 360 479 414 modo
515 362 815 414 instructus
855 362 927 414 ad
966 361 1187 415 Thalam
1231 363 1603 430 proficiscitur.
1681 363 1891 421 Deinde
1931 368 2020 421 ubi

312 436 386 489 ad
422 437 482 488 id
518 437 621 490 loci
659 442 899 503 ventum,
924 454 1033 506 quo
1072 438 1325 491 Numidis
1356 445 1726 509 praeceperat,
1752 446 1809 494 et
1842 447 2021 497 castra

311 514 495 581 posita
532 515 854 582 munitaque
898 519 1039 581 sunt,
1085 518 1241 567 tanta
1280 518 1508 583 repente
1550 518 1698 570 coelo
1737 518 1901 572 missa
1942 521 2019 574 vis

310 605 489 657 aquae
515 589 731 657 dicitur,
750 595 814 642 ut
839 608 903 643 ea
928 590 1089 643 modo
1114 592 1379 645 exercitui
1405 593 1537 645 satis
1563 611 1835 662 superque
1859 596 2019 650 foret.

314 664 613 718 Praeterea
638 672 975 720 commeatus
1000 685 1097 736 spe
1121 668 1365 737 amplior,
1394 670 1523 738 quia
1548 669 1833 738 Numidae,
1862 673 2020 727 sicuti

309 742 561 811 plerique
585 743 642 795 in
667 760 806 797 nova
831 744 1124 810 deditione,
1153 745 1324 797 officia
1348 745 1711 800 intenderant.
1761 748 2019 803 Ceterum

311 818 517 872 milites
558 819 819 887 religione
864 820 1045 888 pluvia
1089 821 1261 885 magis
1302 822 1398 886 usi,
1439 838 1614 891 eaque
1655 840 1745 877 res
1785 824 2018 879 multum

312 895 506 947 animis
537 912 725 948 eorum
758 896 1004 961 addidit3
1049 914 1174 949 nam
1209 898 1316 950 rati
1350 915 1468 951 sese
1501 899 1587 951 dis
1621 900 2020 955 immortalibus

313 988 479 1025 curae
514 989 647 1026 esse.
722 972 934 1026 Deinde
971 977 1192 1041 postero
1229 973 1320 1026 die
1357 977 1548 1027 contra
1581 976 1885 1043 opinionem
1918 978 1956 1030 J
1959 996 2019 1031 u-

309 1048 546 1114 gurthae
579 1049 652 1101 ad
678 1049 901 1101 Thalam
925 1051 1268 1118 perveniunt.
1345 1050 1630 1119 Oppidani,
1658 1053 1751 1119 qui
1786 1070 1844 1105 se
1877 1053 2019 1107 loco-

309 1140 434 1176 rum
472 1126 770 1192 asperitate
811 1127 1051 1179 munitos
1093 1127 1456 1190 crediderant,
1496 1144 1692 1195 magna
1732 1134 1899 1198 atque
1939 1132 2019 1183 in-

309 1199 472 1252 solita
508 1217 570 1254 re
607 1202 837 1270 perculsi
883 1201 1051 1255 nihilo
1091 1203 1310 1269 segnius
1354 1203 1554 1256 bellum
1598 1220 1790 1270 parare
1806 1226 1819 1269 3
1869 1205 2016 1259 idem

307 1276 483 1329 nostri
511 1276 703 1331 facere.

417 1357 497 1409 76.
569 1353 682 1407 Sed
722 1371 820 1407 rex
862 1353 996 1406 nihil
1032 1353 1154 1421 jam
1196 1354 1458 1407 infectum
1501 1354 1727 1409 Metello
1770 1358 2012 1426 credens,

307 1430 516 1499 quippe
552 1431 644 1499 qui
682 1431 877 1495 omnia,
912 1447 1078 1495 arma,
1116 1429 1243 1497 tela,
1281 1430 1440 1496 locOS‚
1478 1434 1740 1497 tempora,
1780 1433 2015 1501 denique

305 1509 559 1560 naturam
595 1507 769 1575 ipsam
807 1506 1005 1561 ceteris
1042 1507 1448 1574 imperitantem
1490 1505 1758 1560 industria
1793 1510 2014 1578 vicerat,

308 1600 433 1637 cum
469 1583 656 1636 liberis
690 1587 748 1637 et
783 1600 980 1651 magna
1015 1586 1176 1651 parte
1210 1582 1473 1651 pecuniae
1509 1601 1577 1636 ex
1614 1584 1815 1653 oppido
1851 1589 2015 1639 noctu

307 1660 567 1728 profugit,
593 1677 771 1728 neque
802 1663 996 1729 postea
1026 1660 1082 1712 in
1115 1658 1225 1712 ullo
1259 1658 1375 1712 loco
1408 1660 1637 1727 amplius
1668 1677 1774 1713 uno
1800 1661 1890 1714 die
1918 1666 2014 1717 aut

306 1752 418 1788 una
451 1739 610 1789 nocte
643 1742 888 1790 moratus
920 1735 1212 1790 simulabat
1244 1752 1362 1789 sese
1390 1736 1579 1804 negoti
1611 1738 1792 1805 gratia
1821 1756 2014 1809 prope-

305 1826 463 1876 rare3
501 1817 743 1866 ceterum
777 1813 1142 1880 proditionem
1176 1812 1423 1880 timebat,
1453 1830 1616 1881 quam
1648 1815 1823 1868 vitare
1854 1833 2013 1883 posse

306 1888 592 1942 celeritate
630 1889 890 1958 putabat3
924 1906 1051 1942 nam
1091 1889 1223 1942 talia
1255 1889 1476 1942 consilia
1513 1907 1613 1958 per
1647 1891 1817 1944 otium
1855 1895 1912 1945 et
1945 1909 2013 1946 ex

306 1965 720 2033 opportunitate
744 1966 875 2032 capi.
955 1965 1333 2031 At·Metellus‚
1361 1964 1452 2017 ubi
1479 1966 1780 2034 oppidanos
1808 1968 2014 2035 proelio

305 2041 566 2107 intentoS,
606 2042 764 2094 simul
804 2041 1062 2109 oppidum
1103 2045 1160 2094 et
1198 2041 1456 2109 operibus
1494 2045 1552 2094 et
1592 2043 1709 2095 loco
1746 2045 2013 2098 munitum

305 2117 474 2183 videt,
501 2118 640 2170 vallo
668 2118 922 2185 fossaque
956 2117 1169 2171 moenia
1194 2117 1560 2171 circumvenit.
1635 2119 1849 2173 Deinde
1881 2121 2014 2174 locis

305 2210 377 2247 ex
407 2194 564 2262 copia
598 2211 850 2247 maxume
883 2193 1095 2246 idoneis
1120 2193 1304 2246 vineas
1337 2210 1517 2261 agere,
1545 2210 1800 2262 aggerem
1826 2196 2014 2262 jacere

304 2275 363 2324 et
389 2287 557 2338 super
579 2287 834 2338 aggerem
865 2270 1133 2337 impositis
1159 2268 1401 2322 turribus
1426 2285 1559 2338 opus
1585 2274 1642 2323 et
1665 2272 2013 2325 administros

304 2348 492 2401 tutari.
560 2347 766 2400 Contra
791 2346 923 2399 haec
949 2345 1207 2415 oppidani
1232 2346 1504 2414 festinare,
1530 2363 1755 2414 parare3
1791 2365 2013 2417 prorsus

304 2422 375 2475 ab
394 2423 643 2490 utrisque
667 2421 800 2475 nihil
825 2423 1095 2491 reliquum
1115 2422 1246 2475 fieri.
1298 2421 1548 2490 Denique
1571 2422 1815 2492 Romani,
1839 2425 2012 2478 multo

305 2504 435 2553 ante
474 2499 660 2552 labore
697 2499 1025 2567 proeliisque
1062 2498 1295 2566 fatigati,
1333 2502 1458 2565 post
1495 2499 1611 2552 dies
1649 2501 2014 2568 quadraginta

305 2593 472 2645 quam
497 2592 563 2628 eo
588 2580 811 2629 ventum
842 2580 961 2629 erat
985 2576 1187 2644 oppido
1217 2575 1379 2628 modo
1409 2575 1584 2643 potiti,
1610 2578 1816 2643 praeda
1840 2579 2013 2630 omnis

305 2653 377 2706 ab
418 2653 662 2721 perfugis
700 2656 973 2721 corrupta.
1049 2652 1125 2704 Hi
1164 2656 1456 2721 postquam
1495 2669 1710 2706 murum
1748 2653 2013 2706 arietibus

303 2729 458 2782 feriri
496 2746 694 2797 resque
732 2745 855 2780 suas
888 2728 1115 2781 afflictas
1149 2729 1353 2795 vident,
1389 2744 1582 2780 aurum
1619 2732 1786 2796 atque
1821 2746 2012 2796 argen-

305 2809 425 2859 tum
462 2809 521 2859 et
557 2805 662 2858 alia
694 2822 834 2872 quae
866 2804 1042 2872 prima
1076 2804 1346 2857 ducuntur
1378 2803 1598 2857 domum
1632 2805 1839 2872 regiam
1874 2821 2012 2858 com-

303 2885 562 2952 portant;
599 2880 674 2933 ibi
706 2881 828 2932 vino
858 2884 915 2933 et
945 2880 1122 2950 epulis
1149 2883 1356 2935 onai-ati
1389 2881 1589 2949 illaque
1619 2884 1677 2934 et
1707 2880 1928 2933 domum
1954 2885 2012 2934 et

305 2962 485 3012 semet
509 2959 619 3027 igni
646 2963 1016 3028 corrumpunt,
1044 2962 1101 3012 et
1126 2975 1260 3027 quas
1284 2957 1412 3011 victi
1443 2956 1511 3009 ab
1538 2956 1783 3011 hostibus
1808 2973 2012 3025 poenas

303 3039 631 3104 metuerant,
660 3054 751 3091 eas
774 3037 878 3105 ipsi
904 3037 1148 3090 volentes
1172 3034 1501 3105 pependere.

413 3117 494 3171 77.
566 3114 676 3169 Sed
711 3115 917 3182 pariter
949 3131 1071 3168 cum
1104 3117 1266 3181 capta
1303 3111 1469 3169 Thala
1503 3110 1671 3178 legat-i
1708 3127 1774 3163 ex
1809 3110 2010 3179 oppido

305 3188 473 3260 Lepti
515 3190 587 3244 ad
631 3192 918 3244 Metellum
961 3193 1237 3256 venerant,
1280 3191 1499 3241 orantes
1547 3188 1629 3240 uti
1675 3186 2008 3255 praesidium

303 3268 757 3335 praefectumque
820 3282 885 3319 eo
941 3267 1225 3389 mittessret3
1297 3264 1664 3316 Hamilcarem
1719 3261 2008 3330 quendam,
