<?xml version="1.0" encoding="UTF-8"?>
<!DOCTYPE html PUBLIC "-//W3C//DTD XHTML 1.0 Transitional//EN"
    "http://www.w3.org/TR/xhtml1/DTD/xhtml1-transitional.dtd">
<html xmlns="http://www.w3.org/1999/xhtml" xml:lang="en" lang="en">
 <head>
  <title>
</title>
<meta http-equiv="Content-Type" content="text/html;charset=utf-8" />
  <meta name='ocr-system' content='tesseract 3.04.00' />
  <meta name='ocr-capabilities' content='ocr_page ocr_carea ocr_par ocr_line ocrx_word'/>
</head>
<body>
  <div class='ocr_page' id='page_1' title='image "./catilinaetjugur01sallgoog_0033.png"; bbox 0 0 2269 3561; ppageno 0'>
   <div class='ocr_carea' id='block_1_1' title="bbox 975 227 2017 278">
    <p class='ocr_par' dir='ltr' id='par_1_1' title="bbox 975 227 2017 278">
     <span class='ocr_line' id='line_1_1' title="bbox 975 227 2017 278; baseline -0.001 -1"><span class='ocrx_word' id='word_1_1' title='bbox 975 227 1345 278; x_wconf 83' lang='lat' dir='ltr'>CATILINA.</span> <span class='ocrx_word' id='word_1_2' title='bbox 1954 229 1978 276; x_wconf 90' lang='lat'>1</span> <span class='ocrx_word' id='word_1_3' title='bbox 1988 230 2017 276; x_wconf 92' lang='grc'>9</span> 
     </span>
    </p>
   </div>
   <div class='ocr_carea' id='block_1_2' title="bbox 304 306 2017 1060">
    <p class='ocr_par' dir='ltr' id='par_1_2' title="bbox 304 306 2017 1060">
     <span class='ocr_line' id='line_1_2' title="bbox 310 306 2014 377; baseline 0 -17"><span class='ocrx_word' id='word_1_4' title='bbox 310 323 465 361; x_wconf 88' lang='lat' dir='ltr'><strong>more</strong></span> <span class='ocrx_word' id='word_1_5' title='bbox 506 323 604 362; x_wconf 91' lang='lat' dir='ltr'><strong>suo</strong></span> <span class='ocrx_word' id='word_1_6' title='bbox 641 307 932 361; x_wconf 84' lang='lat' dir='ltr'><strong>videbatur</strong></span> <span class='ocrx_word' id='word_1_7' title='bbox 975 308 1165 362; x_wconf 87' lang='lat' dir='ltr'><strong>faeere.</strong></span> <span class='ocrx_word' id='word_1_8' title='bbox 1239 307 1381 361; x_wconf 89' lang='lat' dir='ltr'><strong>Nam</strong></span> <span class='ocrx_word' id='word_1_9' title='bbox 1425 325 1642 377; x_wconf 80' lang='lat' dir='ltr'><strong>semper</strong></span> <span class='ocrx_word' id='word_1_10' title='bbox 1681 306 1739 361; x_wconf 87' lang='lat' dir='ltr'><strong>in</strong></span> <span class='ocrx_word' id='word_1_11' title='bbox 1776 306 2014 372; x_wconf 85' lang='lat' dir='ltr'><strong>civitate,</strong></span> 
     </span>
     <span class='ocr_line' id='line_1_3' title="bbox 311 382 2013 450; baseline -0.001 -16"><span class='ocrx_word' id='word_1_12' title='bbox 311 382 510 449; x_wconf 90' lang='lat' dir='ltr'><strong>quibus</strong></span> <span class='ocrx_word' id='word_1_13' title='bbox 535 399 666 450; x_wconf 91' lang='lat' dir='ltr'><strong>opes</strong></span> <span class='ocrx_word' id='word_1_14' title='bbox 690 384 871 436; x_wconf 89' lang='lat' dir='ltr'><strong>nullae</strong></span> <span class='ocrx_word' id='word_1_15' title='bbox 896 389 1036 446; x_wconf 88' lang='lat' dir='ltr'><strong>sunt,</strong></span> <span class='ocrx_word' id='word_1_16' title='bbox 1062 384 1222 436; x_wconf 82' lang='lat' dir='ltr'><strong>bonis</strong></span> <span class='ocrx_word' id='word_1_17' title='bbox 1245 383 1508 446; x_wconf 86' lang='lat' dir='ltr'><strong>invident,</strong></span> <span class='ocrx_word' id='word_1_18' title='bbox 1532 384 1703 436; x_wconf 88' lang='lat' dir='ltr'><strong>malos</strong></span> <span class='ocrx_word' id='word_1_19' title='bbox 1729 383 2013 442; x_wconf 66' lang='lat' dir='ltr'><strong>extolliur,</strong></span> 
     </span>
     <span class='ocr_line' id='line_1_4' title="bbox 308 458 2014 527; baseline -0.001 -17"><span class='ocrx_word' id='word_1_20' title='bbox 308 462 500 512; x_wconf 86' lang='lat' dir='ltr'><strong>vetera</strong></span> <span class='ocrx_word' id='word_1_21' title='bbox 523 459 707 525; x_wconf 90' lang='lat' dir='ltr'><strong>odere,</strong></span> <span class='ocrx_word' id='word_1_22' title='bbox 735 475 875 511; x_wconf 80' lang='lat' dir='ltr'><strong>nova</strong></span> <span class='ocrx_word' id='word_1_23' title='bbox 899 464 1179 527; x_wconf 79' lang='lat' dir='ltr'><strong>exoptant,</strong></span> <span class='ocrx_word' id='word_1_24' title='bbox 1207 458 1332 513; x_wconf 87' lang='lat' dir='ltr'><strong>odio</strong></span> <span class='ocrx_word' id='word_1_25' title='bbox 1359 477 1578 512; x_wconf 89' lang='lat' dir='ltr'><strong>suarum</strong></span> <span class='ocrx_word' id='word_1_26' title='bbox 1604 477 1787 512; x_wconf 85' lang='lat' dir='ltr'><strong>rerum</strong></span> <span class='ocrx_word' id='word_1_27' title='bbox 1814 458 2014 510; x_wconf 86' lang='lat' dir='ltr'><strong>mutari</strong></span> 
     </span>
     <span class='ocr_line' id='line_1_5' title="bbox 307 534 2015 603; baseline 0 -17"><span class='ocrx_word' id='word_1_28' title='bbox 307 535 489 587; x_wconf 88' lang='lat' dir='ltr'><strong>omnia</strong></span> <span class='ocrx_word' id='word_1_29' title='bbox 513 535 772 599; x_wconf 90' lang='lat' dir='ltr'><strong>student;</strong></span> <span class='ocrx_word' id='word_1_30' title='bbox 808 535 975 588; x_wconf 89' lang='lat' dir='ltr'><strong>turba</strong></span> <span class='ocrx_word' id='word_1_31' title='bbox 992 539 1160 603; x_wconf 89' lang='lat' dir='ltr'><strong>atque</strong></span> <span class='ocrx_word' id='word_1_32' title='bbox 1187 535 1545 589; x_wconf 78' lang='lat' dir='ltr'><strong>seditionibus</strong></span> <span class='ocrx_word' id='word_1_33' title='bbox 1572 536 1687 588; x_wconf 91' lang='lat' dir='ltr'><strong>sine</strong></span> <span class='ocrx_word' id='word_1_34' title='bbox 1710 551 1840 588; x_wconf 91' lang='lat' dir='ltr'><strong>cura</strong></span> <span class='ocrx_word' id='word_1_35' title='bbox 1864 534 2015 586; x_wconf 89' lang='lat' dir='ltr'><strong>alun-</strong></span> 
     </span>
     <span class='ocr_line' id='line_1_6' title="bbox 306 609 2014 679; baseline -0.002 -15"><span class='ocrx_word' id='word_1_36' title='bbox 306 612 415 676; x_wconf 89' lang='lat' dir='ltr'><strong>tur,</strong></span> <span class='ocrx_word' id='word_1_37' title='bbox 453 610 710 679; x_wconf 87' lang='lat' dir='ltr'><strong>quoniam</strong></span> <span class='ocrx_word' id='word_1_38' title='bbox 744 615 960 678; x_wconf 83' lang='lat' dir='ltr'><strong>egestas</strong></span> <span class='ocrx_word' id='word_1_39' title='bbox 996 611 1155 664; x_wconf 89' lang='lat' dir='ltr'><strong>facile</strong></span> <span class='ocrx_word' id='word_1_40' title='bbox 1191 611 1427 664; x_wconf 87' lang='lat' dir='ltr'><strong>habetur</strong></span> <span class='ocrx_word' id='word_1_41' title='bbox 1464 612 1579 664; x_wconf 92' lang='lat' dir='ltr'><strong>sine</strong></span> <span class='ocrx_word' id='word_1_42' title='bbox 1616 612 1833 664; x_wconf 81' lang='lat' dir='ltr'><strong>damno,</strong></span> <span class='ocrx_word' id='word_1_43' title='bbox 1905 609 2014 663; x_wconf 83' lang='lat' dir='ltr'><strong>Sed</strong></span> 
     </span>
     <span class='ocr_line' id='line_1_7' title="bbox 306 685 2013 756; baseline 0 -18"><span class='ocrx_word' id='word_1_44' title='bbox 306 685 517 739; x_wconf 89' lang='lat' dir='ltr'><strong>urbana</strong></span> <span class='ocrx_word' id='word_1_45' title='bbox 548 686 754 755; x_wconf 91' lang='lat' dir='ltr'><strong>plebes,</strong></span> <span class='ocrx_word' id='word_1_46' title='bbox 782 703 849 740; x_wconf 89' lang='lat' dir='ltr'><strong>ea</strong></span> <span class='ocrx_word' id='word_1_47' title='bbox 876 704 1004 740; x_wconf 85' lang='lat' dir='ltr'><strong>vero</strong></span> <span class='ocrx_word' id='word_1_48' title='bbox 1035 704 1299 756; x_wconf 86' lang='lat' dir='ltr'><strong>praeceps</strong></span> <span class='ocrx_word' id='word_1_49' title='bbox 1328 691 1449 741; x_wconf 92' lang='lat' dir='ltr'><strong>erat</strong></span> <span class='ocrx_word' id='word_1_50' title='bbox 1481 687 1669 740; x_wconf 85' lang='lat' dir='ltr'><strong>multis</strong></span> <span class='ocrx_word' id='word_1_51' title='bbox 1698 686 1768 739; x_wconf 88' lang='lat' dir='ltr'><strong>de</strong></span> <span class='ocrx_word' id='word_1_52' title='bbox 1798 686 2013 738; x_wconf 75' lang='lat' dir='ltr'><strong>caussis,</strong></span> 
     </span>
     <span class='ocr_line' id='line_1_8' title="bbox 308 761 2015 832; baseline -0.001 -17"><span class='ocrx_word' id='word_1_53' title='bbox 308 761 555 815; x_wconf 89' lang='lat' dir='ltr'><strong>Primum</strong></span> <span class='ocrx_word' id='word_1_54' title='bbox 597 764 854 830; x_wconf 89' lang='lat' dir='ltr'><strong>omnium,</strong></span> <span class='ocrx_word' id='word_1_55' title='bbox 895 764 988 832; x_wconf 91' lang='lat' dir='ltr'><strong>qui</strong></span> <span class='ocrx_word' id='word_1_56' title='bbox 1026 764 1229 831; x_wconf 90' lang='lat' dir='ltr'><strong>ubique</strong></span> <span class='ocrx_word' id='word_1_57' title='bbox 1266 763 1468 832; x_wconf 90' lang='lat' dir='ltr'><strong>probro</strong></span> <span class='ocrx_word' id='word_1_58' title='bbox 1506 767 1675 831; x_wconf 89' lang='lat' dir='ltr'><strong>atque</strong></span> <span class='ocrx_word' id='word_1_59' title='bbox 1710 762 2015 830; x_wconf 81' lang='lat' dir='ltr'><strong>petulantia</strong></span> 
     </span>
     <span class='ocr_line' id='line_1_9' title="bbox 305 837 2014 909; baseline -0.001 -19"><span class='ocrx_word' id='word_1_60' title='bbox 305 854 562 893; x_wconf 84' lang='lat' dir='ltr'><strong>maxume</strong></span> <span class='ocrx_word' id='word_1_61' title='bbox 583 840 957 907; x_wconf 85' lang='lat' dir='ltr'><strong>praestabant,</strong></span> <span class='ocrx_word' id='word_1_62' title='bbox 981 840 1116 893; x_wconf 88' lang='lat' dir='ltr'><strong>item</strong></span> <span class='ocrx_word' id='word_1_63' title='bbox 1142 839 1236 893; x_wconf 90' lang='lat' dir='ltr'><strong>alii</strong></span> <span class='ocrx_word' id='word_1_64' title='bbox 1259 857 1359 909; x_wconf 90' lang='lat' dir='ltr'><strong>per</strong></span> <span class='ocrx_word' id='word_1_65' title='bbox 1377 839 1648 893; x_wconf 89' lang='lat' dir='ltr'><strong>dedecora</strong></span> <span class='ocrx_word' id='word_1_66' title='bbox 1672 837 2014 908; x_wconf 84' lang='lat' dir='ltr'><strong>patrimoniis</strong></span> 
     </span>
     <span class='ocr_line' id='line_1_10' title="bbox 305 914 2017 984; baseline -0.001 -17"><span class='ocrx_word' id='word_1_67' title='bbox 305 916 532 983; x_wconf 88' lang='lat' dir='ltr'><strong>amissis,</strong></span> <span class='ocrx_word' id='word_1_68' title='bbox 562 920 840 984; x_wconf 88' lang='lat' dir='ltr'><strong>postremo</strong></span> <span class='ocrx_word' id='word_1_69' title='bbox 866 933 1069 984; x_wconf 88' lang='lat' dir='ltr'><strong>omnes,</strong></span> <span class='ocrx_word' id='word_1_70' title='bbox 1096 933 1234 984; x_wconf 90' lang='lat' dir='ltr'><strong>quos</strong></span> <span class='ocrx_word' id='word_1_71' title='bbox 1265 916 1531 984; x_wconf 89' lang='lat' dir='ltr'><strong>flagitium</strong></span> <span class='ocrx_word' id='word_1_72' title='bbox 1562 919 1659 968; x_wconf 92' lang='lat' dir='ltr'><strong>aut</strong></span> <span class='ocrx_word' id='word_1_73' title='bbox 1687 915 1892 968; x_wconf 90' lang='lat' dir='ltr'><strong>facinus</strong></span> <span class='ocrx_word' id='word_1_74' title='bbox 1922 914 2017 966; x_wconf 92' lang='lat' dir='ltr'><strong>do-</strong></span> 
     </span>
     <span class='ocr_line' id='line_1_11' title="bbox 304 991 2011 1060; baseline 0.001 -18"><span class='ocrx_word' id='word_1_75' title='bbox 304 1007 395 1043; x_wconf 89' lang='lat' dir='ltr'><strong>mo</strong></span> <span class='ocrx_word' id='word_1_76' title='bbox 420 993 725 1060; x_wconf 85' lang='lat' dir='ltr'><strong>expulerat,</strong></span> <span class='ocrx_word' id='word_1_77' title='bbox 751 992 790 1045; x_wconf 90' lang='lat' dir='ltr'><strong>ii</strong></span> <span class='ocrx_word' id='word_1_78' title='bbox 818 993 1048 1045; x_wconf 86' lang='lat' dir='ltr'><strong>Romam</strong></span> <span class='ocrx_word' id='word_1_79' title='bbox 1075 992 1218 1044; x_wconf 89' lang='lat' dir='ltr'><strong>sicut</strong></span> <span class='ocrx_word' id='word_1_80' title='bbox 1246 991 1301 1043; x_wconf 86' lang='lat' dir='ltr'><strong>in</strong></span> <span class='ocrx_word' id='word_1_81' title='bbox 1329 992 1596 1045; x_wconf 86' lang='lat' dir='ltr'><strong>sentinam</strong></span> <span class='ocrx_word' id='word_1_82' title='bbox 1626 991 2011 1044; x_wconf 87' lang='lat' dir='ltr'><strong>confluxerant.</strong></span> 
     </span>
    </p>
   </div>
   <div class='ocr_carea' id='block_1_3' title="bbox 291 1065 2027 3340">
    <p class='ocr_par' dir='ltr' id='par_1_3' title="bbox 298 1065 2027 2273">
     <span class='ocr_line' id='line_1_12' title="bbox 307 1065 2013 1135; baseline -0.001 -17"><span class='ocrx_word' id='word_1_83' title='bbox 307 1065 521 1120; x_wconf 87' lang='lat' dir='ltr'><strong>Deinde</strong></span> <span class='ocrx_word' id='word_1_84' title='bbox 551 1068 713 1120; x_wconf 90' lang='lat' dir='ltr'><strong>multi</strong></span> <span class='ocrx_word' id='word_1_85' title='bbox 741 1085 1011 1121; x_wconf 89' lang='lat' dir='ltr'><strong>memores</strong></span> <span class='ocrx_word' id='word_1_86' title='bbox 1037 1068 1290 1122; x_wconf 85' lang='lat' dir='ltr'><strong>Sullanae</strong></span> <span class='ocrx_word' id='word_1_87' title='bbox 1314 1068 1592 1133; x_wconf 87' lang='lat' dir='ltr'><strong>victoriae,</strong></span> <span class='ocrx_word' id='word_1_88' title='bbox 1618 1066 1766 1135; x_wconf 91' lang='lat' dir='ltr'><strong>quod</strong></span> <span class='ocrx_word' id='word_1_89' title='bbox 1794 1084 1863 1119; x_wconf 85' lang='lat' dir='ltr'><strong>ex</strong></span> <span class='ocrx_word' id='word_1_90' title='bbox 1890 1083 2013 1133; x_wconf 88' lang='lat' dir='ltr'><strong>gre-</strong></span> 
     </span>
     <span class='ocr_line' id='line_1_13' title="bbox 305 1142 2014 1211; baseline -0.001 -16"><span class='ocrx_word' id='word_1_91' title='bbox 305 1142 471 1208; x_wconf 85' lang='lat' dir='ltr'><strong>gariis</strong></span> <span class='ocrx_word' id='word_1_92' title='bbox 495 1143 763 1196; x_wconf 86' lang='lat' dir='ltr'><strong>militibus</strong></span> <span class='ocrx_word' id='word_1_93' title='bbox 788 1144 922 1196; x_wconf 88' lang='lat' dir='ltr'><strong>alios</strong></span> <span class='ocrx_word' id='word_1_94' title='bbox 946 1146 1230 1196; x_wconf 88' lang='lat' dir='ltr'><strong>senatores</strong></span> <span class='ocrx_word' id='word_1_95' title='bbox 1254 1143 1534 1211; x_wconf 86' lang='lat' dir='ltr'><strong>videbant,</strong></span> <span class='ocrx_word' id='word_1_96' title='bbox 1556 1143 1690 1196; x_wconf 90' lang='lat' dir='ltr'><strong>alios</strong></span> <span class='ocrx_word' id='word_1_97' title='bbox 1713 1144 1792 1196; x_wconf 90' lang='lat' dir='ltr'><strong>ita</strong></span> <span class='ocrx_word' id='word_1_98' title='bbox 1816 1142 2014 1194; x_wconf 87' lang='lat' dir='ltr'><strong>divites</strong></span> 
     </span>
     <span class='ocr_line' id='line_1_14' title="bbox 306 1217 2013 1286; baseline -0.001 -17"><span class='ocrx_word' id='word_1_99' title='bbox 306 1221 372 1270; x_wconf 90' lang='lat' dir='ltr'><strong>ut</strong></span> <span class='ocrx_word' id='word_1_100' title='bbox 395 1219 544 1285; x_wconf 89' lang='lat' dir='ltr'><strong>regio</strong></span> <span class='ocrx_word' id='word_1_101' title='bbox 568 1219 718 1272; x_wconf 88' lang='lat' dir='ltr'><strong>victu</strong></span> <span class='ocrx_word' id='word_1_102' title='bbox 751 1223 919 1286; x_wconf 89' lang='lat' dir='ltr'><strong>atque</strong></span> <span class='ocrx_word' id='word_1_103' title='bbox 944 1218 1095 1272; x_wconf 88' lang='lat' dir='ltr'><strong>cultu</strong></span> <span class='ocrx_word' id='word_1_104' title='bbox 1124 1221 1364 1271; x_wconf 85' lang='lat' dir='ltr'><strong>aetatem</strong></span> <span class='ocrx_word' id='word_1_105' title='bbox 1389 1222 1629 1285; x_wconf 86' lang='lat' dir='ltr'><strong>agerent,</strong></span> <span class='ocrx_word' id='word_1_106' title='bbox 1656 1217 1757 1270; x_wconf 90' lang='lat' dir='ltr'><strong>sibi</strong></span> <span class='ocrx_word' id='word_1_107' title='bbox 1784 1218 2013 1284; x_wconf 90' lang='lat' dir='ltr'><strong>quisque</strong></span> 
     </span>
     <span class='ocr_line' id='line_1_15' title="bbox 308 1291 2016 1362; baseline 0.001 -18"><span class='ocrx_word' id='word_1_108' title='bbox 308 1292 352 1345; x_wconf 90' lang='lat' dir='ltr'><strong>si</strong></span> <span class='ocrx_word' id='word_1_109' title='bbox 387 1291 442 1345; x_wconf 92' lang='lat' dir='ltr'><strong>in</strong></span> <span class='ocrx_word' id='word_1_110' title='bbox 473 1294 638 1346; x_wconf 88' lang='lat' dir='ltr'><strong>armis</strong></span> <span class='ocrx_word' id='word_1_111' title='bbox 671 1295 815 1347; x_wconf 87' lang='lat' dir='ltr'><strong>foret</strong></span> <span class='ocrx_word' id='word_1_112' title='bbox 848 1311 917 1346; x_wconf 88' lang='lat' dir='ltr'><strong>ex</strong></span> <span class='ocrx_word' id='word_1_113' title='bbox 947 1294 1176 1346; x_wconf 84' lang='lat' dir='ltr'><strong>victoria</strong></span> <span class='ocrx_word' id='word_1_114' title='bbox 1207 1293 1341 1346; x_wconf 86' lang='lat' dir='ltr'><strong>talia</strong></span> <span class='ocrx_word' id='word_1_115' title='bbox 1375 1294 1649 1362; x_wconf 86' lang='lat' dir='ltr'><strong>sperabat.</strong></span> <span class='ocrx_word' id='word_1_116' title='bbox 1722 1293 2016 1346; x_wconf 86' lang='lat' dir='ltr'><strong>Praeterea</strong></span> 
     </span>
     <span class='ocr_line' id='line_1_16' title="bbox 298 1369 2015 1438; baseline 0 -18"><span class='ocrx_word' id='word_1_117' title='bbox 298 1369 579 1437; x_wconf 88' lang='lat' dir='ltr'><strong>juventus,</strong></span> <span class='ocrx_word' id='word_1_118' title='bbox 606 1387 748 1438; x_wconf 86' lang='lat' dir='ltr'><strong>quae</strong></span> <span class='ocrx_word' id='word_1_119' title='bbox 776 1370 833 1422; x_wconf 93' lang='lat' dir='ltr'><strong>in</strong></span> <span class='ocrx_word' id='word_1_120' title='bbox 861 1370 1007 1436; x_wconf 87' lang='lat' dir='ltr'><strong>agris</strong></span> <span class='ocrx_word' id='word_1_121' title='bbox 1039 1385 1298 1422; x_wconf 88' lang='lat' dir='ltr'><strong>manuum</strong></span> <span class='ocrx_word' id='word_1_122' title='bbox 1327 1369 1581 1422; x_wconf 81' lang='lat' dir='ltr'><strong>mercede</strong></span> <span class='ocrx_word' id='word_1_123' title='bbox 1611 1369 1846 1438; x_wconf 88' lang='lat' dir='ltr'><strong>inopiam</strong></span> <span class='ocrx_word' id='word_1_124' title='bbox 1881 1369 2015 1421; x_wconf 86' lang='lat' dir='ltr'><strong>tole-</strong></span> 
     </span>
     <span class='ocr_line' id='line_1_17' title="bbox 306 1444 2016 1514; baseline -0.001 -17"><span class='ocrx_word' id='word_1_125' title='bbox 306 1450 537 1512; x_wconf 88' lang='lat' dir='ltr'><strong>raverat,</strong></span> <span class='ocrx_word' id='word_1_126' title='bbox 571 1446 802 1514; x_wconf 84' lang='lat' dir='ltr'><strong>privatis</strong></span> <span class='ocrx_word' id='word_1_127' title='bbox 829 1448 1000 1513; x_wconf 83' lang='lat' dir='ltr'><strong>atque</strong></span> <span class='ocrx_word' id='word_1_128' title='bbox 1038 1445 1269 1513; x_wconf 86' lang='lat' dir='ltr'><strong>publicis</strong></span> <span class='ocrx_word' id='word_1_129' title='bbox 1302 1445 1681 1512; x_wconf 87' lang='lat' dir='ltr'><strong>largitionibus</strong></span> <span class='ocrx_word' id='word_1_130' title='bbox 1718 1444 1895 1497; x_wconf 82' lang='lat' dir='ltr'><strong>excita</strong></span> <span class='ocrx_word' id='word_1_131' title='bbox 1930 1461 2016 1496; x_wconf 90' lang='lat' dir='ltr'><strong>ur-</strong></span> 
     </span>
     <span class='ocr_line' id='line_1_18' title="bbox 304 1519 2014 1590; baseline 0 -17"><span class='ocrx_word' id='word_1_132' title='bbox 304 1519 504 1573; x_wconf 89' lang='lat' dir='ltr'><strong>banum</strong></span> <span class='ocrx_word' id='word_1_133' title='bbox 529 1522 704 1575; x_wconf 90' lang='lat' dir='ltr'><strong>otium</strong></span> <span class='ocrx_word' id='word_1_134' title='bbox 729 1522 946 1590; x_wconf 88' lang='lat' dir='ltr'><strong>ingrato</strong></span> <span class='ocrx_word' id='word_1_135' title='bbox 973 1520 1142 1573; x_wconf 88' lang='lat' dir='ltr'><strong>labori</strong></span> <span class='ocrx_word' id='word_1_136' title='bbox 1170 1521 1540 1589; x_wconf 84' lang='lat' dir='ltr'><strong>praetulerat3</strong></span> <span class='ocrx_word' id='word_1_137' title='bbox 1573 1537 1665 1574; x_wconf 93' lang='lat' dir='ltr'><strong>eos</strong></span> <span class='ocrx_word' id='word_1_138' title='bbox 1690 1524 1859 1588; x_wconf 89' lang='lat' dir='ltr'><strong>atque</strong></span> <span class='ocrx_word' id='word_1_139' title='bbox 1882 1519 2014 1573; x_wconf 87' lang='lat' dir='ltr'><strong>alios</strong></span> 
     </span>
     <span class='ocr_line' id='line_1_19' title="bbox 304 1596 2011 1666; baseline 0 -17"><span class='ocrx_word' id='word_1_140' title='bbox 304 1597 477 1650; x_wconf 89' lang='lat' dir='ltr'><strong>omnis</strong></span> <span class='ocrx_word' id='word_1_141' title='bbox 516 1596 719 1650; x_wconf 88' lang='lat' dir='ltr'><strong>malum</strong></span> <span class='ocrx_word' id='word_1_142' title='bbox 751 1597 1029 1666; x_wconf 89' lang='lat' dir='ltr'><strong>publicum</strong></span> <span class='ocrx_word' id='word_1_143' title='bbox 1065 1597 1263 1651; x_wconf 90' lang='lat' dir='ltr'><strong>alebat.</strong></span> <span class='ocrx_word' id='word_1_144' title='bbox 1340 1598 1459 1662; x_wconf 78' lang='lat' dir='ltr'><strong>Quo</strong></span> <span class='ocrx_word' id='word_1_145' title='bbox 1491 1597 1671 1650; x_wconf 91' lang='lat' dir='ltr'><strong>minus</strong></span> <span class='ocrx_word' id='word_1_146' title='bbox 1704 1596 2011 1649; x_wconf 88' lang='lat' dir='ltr'><strong>mirandum</strong></span> 
     </span>
     <span class='ocr_line' id='line_1_20' title="bbox 303 1673 2027 1742; baseline 0 -16"><span class='ocrx_word' id='word_1_147' title='bbox 303 1676 390 1726; x_wconf 85' lang='lat' dir='ltr'><strong>est</strong></span> <span class='ocrx_word' id='word_1_148' title='bbox 428 1673 671 1728; x_wconf 87' lang='lat' dir='ltr'><strong>homines</strong></span> <span class='ocrx_word' id='word_1_149' title='bbox 715 1674 944 1742; x_wconf 51' lang='lat' dir='ltr'><strong>egentia</strong></span> <span class='ocrx_word' id='word_1_150' title='bbox 986 1674 1144 1727; x_wconf 90' lang='lat' dir='ltr'><strong>malis</strong></span> <span class='ocrx_word' id='word_1_151' title='bbox 1185 1674 1443 1741; x_wconf 90' lang='lat' dir='ltr'><strong>moribus,</strong></span> <span class='ocrx_word' id='word_1_152' title='bbox 1483 1690 1737 1726; x_wconf 86' lang='lat' dir='ltr'><strong>maxuma</strong></span> <span class='ocrx_word' id='word_1_153' title='bbox 1779 1690 1890 1740; x_wconf 84' lang='lat' dir='ltr'><strong>spe,</strong></span> <span class='ocrx_word' id='word_1_154' title='bbox 1932 1673 2027 1727; x_wconf 89' lang='lat' dir='ltr'><strong>rei·</strong></span> 
     </span>
     <span class='ocr_line' id='line_1_21' title="bbox 301 1749 2010 1819; baseline 0.002 -17"><span class='ocrx_word' id='word_1_155' title='bbox 301 1749 549 1818; x_wconf 87' lang='lat' dir='ltr'><strong>publicae</strong></span> <span class='ocrx_word' id='word_1_156' title='bbox 578 1751 744 1819; x_wconf 87' lang='lat' dir='ltr'><strong>juxta</strong></span> <span class='ocrx_word' id='word_1_157' title='bbox 781 1766 846 1805; x_wconf 88' lang='lat' dir='ltr'><strong>ac</strong></span> <span class='ocrx_word' id='word_1_158' title='bbox 883 1751 984 1804; x_wconf 79' lang='lat' dir='ltr'><strong>sibi</strong></span> <span class='ocrx_word' id='word_1_159' title='bbox 1022 1749 1369 1805; x_wconf 86' lang='lat' dir='ltr'><strong>consuluisse.</strong></span> <span class='ocrx_word' id='word_1_160' title='bbox 1447 1749 1743 1803; x_wconf 90' lang='lat' dir='ltr'><strong>Praeterea</strong></span> <span class='ocrx_word' id='word_1_161' title='bbox 1782 1765 2010 1818; x_wconf 88' lang='lat' dir='ltr'><strong>quorum</strong></span> 
     </span>
     <span class='ocr_line' id='line_1_22' title="bbox 301 1826 2009 1895; baseline 0.001 -18"><span class='ocrx_word' id='word_1_162' title='bbox 301 1826 528 1879; x_wconf 83' lang='lat' dir='ltr'><strong>victoria</strong></span> <span class='ocrx_word' id='word_1_163' title='bbox 580 1827 761 1880; x_wconf 81' lang='lat' dir='ltr'><strong>Sullae</strong></span> <span class='ocrx_word' id='word_1_164' title='bbox 815 1831 1071 1894; x_wconf 87' lang='lat' dir='ltr'><strong>parentes</strong></span> <span class='ocrx_word' id='word_1_165' title='bbox 1121 1828 1428 1895; x_wconf 88' lang='lat' dir='ltr'><strong>proscripti,</strong></span> <span class='ocrx_word' id='word_1_166' title='bbox 1479 1826 1622 1879; x_wconf 88' lang='lat' dir='ltr'><strong>bona</strong></span> <span class='ocrx_word' id='word_1_167' title='bbox 1669 1832 1874 1895; x_wconf 88' lang='lat' dir='ltr'><strong>erepta,</strong></span> <span class='ocrx_word' id='word_1_168' title='bbox 1915 1826 2009 1894; x_wconf 89' lang='lat' dir='ltr'><strong>jus</strong></span> 
     </span>
     <span class='ocr_line' id='line_1_23' title="bbox 301 1900 2010 1968; baseline 0 -15"><span class='ocrx_word' id='word_1_169' title='bbox 301 1900 576 1955; x_wconf 84' lang='lat' dir='ltr'><strong>libertatis</strong></span> <span class='ocrx_word' id='word_1_170' title='bbox 616 1902 961 1955; x_wconf 87' lang='lat' dir='ltr'><strong>imminutum</strong></span> <span class='ocrx_word' id='word_1_171' title='bbox 1001 1904 1140 1968; x_wconf 87' lang='lat' dir='ltr'><strong>erat,</strong></span> <span class='ocrx_word' id='word_1_172' title='bbox 1171 1902 1321 1955; x_wconf 89' lang='lat' dir='ltr'><strong>haud</strong></span> <span class='ocrx_word' id='word_1_173' title='bbox 1361 1920 1491 1956; x_wconf 90' lang='lat' dir='ltr'><strong>sane</strong></span> <span class='ocrx_word' id='word_1_174' title='bbox 1528 1902 1635 1955; x_wconf 88' lang='lat' dir='ltr'><strong>alio</strong></span> <span class='ocrx_word' id='word_1_175' title='bbox 1671 1903 1849 1955; x_wconf 86' lang='lat' dir='ltr'><strong>animo</strong></span> <span class='ocrx_word' id='word_1_176' title='bbox 1882 1902 2010 1955; x_wconf 91' lang='lat' dir='ltr'><strong>belli</strong></span> 
     </span>
     <span class='ocr_line' id='line_1_24' title="bbox 302 1976 2009 2047; baseline 0.002 -18"><span class='ocrx_word' id='word_1_177' title='bbox 302 1987 558 2030; x_wconf 88' lang='lat' dir='ltr'><strong>eventum</strong></span> <span class='ocrx_word' id='word_1_178' title='bbox 584 1978 989 2045; x_wconf 87' lang='lat' dir='ltr'><strong>exspectabant.</strong></span> <span class='ocrx_word' id='word_1_179' title='bbox 1068 1976 1165 2031; x_wconf 89' lang='lat' dir='ltr'><strong>Ad</strong></span> <span class='ocrx_word' id='word_1_180' title='bbox 1193 1978 1295 2031; x_wconf 94' lang='lat' dir='ltr'><strong>hoc</strong></span> <span class='ocrx_word' id='word_1_181' title='bbox 1320 1979 1650 2047; x_wconf 88' lang='lat' dir='ltr'><strong>quicumque</strong></span> <span class='ocrx_word' id='word_1_182' title='bbox 1677 1978 1898 2031; x_wconf 89' lang='lat' dir='ltr'><strong>aliarum</strong></span> <span class='ocrx_word' id='word_1_183' title='bbox 1927 1983 2009 2032; x_wconf 92' lang='lat' dir='ltr'><strong>at-</strong></span> 
     </span>
     <span class='ocr_line' id='line_1_25' title="bbox 302 2054 2007 2123; baseline 0.002 -19"><span class='ocrx_word' id='word_1_184' title='bbox 302 2069 410 2120; x_wconf 91' lang='lat' dir='ltr'><strong>que</strong></span> <span class='ocrx_word' id='word_1_185' title='bbox 453 2057 677 2106; x_wconf 90' lang='lat' dir='ltr'><strong>senatus</strong></span> <span class='ocrx_word' id='word_1_186' title='bbox 720 2055 958 2121; x_wconf 89' lang='lat' dir='ltr'><strong>partium</strong></span> <span class='ocrx_word' id='word_1_187' title='bbox 1002 2060 1177 2123; x_wconf 89' lang='lat' dir='ltr'><strong>erant,</strong></span> <span class='ocrx_word' id='word_1_188' title='bbox 1223 2054 1538 2109; x_wconf 87' lang='lat' dir='ltr'><strong>conturbari</strong></span> <span class='ocrx_word' id='word_1_189' title='bbox 1579 2071 1695 2107; x_wconf 88' lang='lat' dir='ltr'><strong>rem</strong></span> <span class='ocrx_word' id='word_1_190' title='bbox 1738 2054 2007 2121; x_wconf 88' lang='lat' dir='ltr'><strong>publicam</strong></span> 
     </span>
     <span class='ocr_line' id='line_1_26' title="bbox 300 2128 2009 2198; baseline 0.002 -18"><span class='ocrx_word' id='word_1_191' title='bbox 300 2144 464 2195; x_wconf 86' lang='lat' dir='ltr'><strong>quam</strong></span> <span class='ocrx_word' id='word_1_192' title='bbox 513 2129 690 2181; x_wconf 88' lang='lat' dir='ltr'><strong>minus</strong></span> <span class='ocrx_word' id='word_1_193' title='bbox 735 2130 916 2183; x_wconf 86' lang='lat' dir='ltr'><strong>valere</strong></span> <span class='ocrx_word' id='word_1_194' title='bbox 966 2131 1068 2198; x_wconf 88' lang='lat' dir='ltr'><strong>ipsi</strong></span> <span class='ocrx_word' id='word_1_195' title='bbox 1116 2131 1407 2184; x_wconf 89' lang='lat' dir='ltr'><strong>malebant.</strong></span> <span class='ocrx_word' id='word_1_196' title='bbox 1503 2130 1572 2184; x_wconf 93' lang='lat' dir='ltr'><strong>Id</strong></span> <span class='ocrx_word' id='word_1_197' title='bbox 1620 2129 1759 2183; x_wconf 88' lang='lat' dir='ltr'><strong>adeo</strong></span> <span class='ocrx_word' id='word_1_198' title='bbox 1806 2128 2009 2184; x_wconf 88' lang='lat' dir='ltr'><strong>malum</strong></span> 
     </span>
     <span class='ocr_line' id='line_1_27' title="bbox 298 2205 1584 2273; baseline 0.002 -16"><span class='ocrx_word' id='word_1_199' title='bbox 298 2205 502 2257; x_wconf 81' lang='lat' dir='ltr'><strong>multos</strong></span> <span class='ocrx_word' id='word_1_200' title='bbox 527 2209 654 2273; x_wconf 79' lang='lat' dir='ltr'><strong>pest</strong></span> <span class='ocrx_word' id='word_1_201' title='bbox 678 2223 848 2259; x_wconf 87' lang='lat' dir='ltr'><strong>annos</strong></span> <span class='ocrx_word' id='word_1_202' title='bbox 870 2206 928 2258; x_wconf 91' lang='lat' dir='ltr'><strong>in</strong></span> <span class='ocrx_word' id='word_1_203' title='bbox 956 2208 1237 2260; x_wconf 87' lang='lat' dir='ltr'><strong>civitatem</strong></span> <span class='ocrx_word' id='word_1_204' title='bbox 1263 2211 1584 2261; x_wconf 82' lang='lat' dir='ltr'><strong>revorterat.</strong></span> 
     </span>
    </p>

    <p class='ocr_par' dir='ltr' id='par_1_4' title="bbox 291 2281 2010 3340">
     <span class='ocr_line' id='line_1_28' title="bbox 405 2281 2009 2351; baseline 0.002 -17"><span class='ocrx_word' id='word_1_205' title='bbox 405 2286 487 2334; x_wconf 87' lang='grc'><strong>38.</strong></span> <span class='ocrx_word' id='word_1_206' title='bbox 564 2281 705 2334; x_wconf 85' lang='lat' dir='ltr'><strong>Nam</strong></span> <span class='ocrx_word' id='word_1_207' title='bbox 736 2285 1028 2351; x_wconf 87' lang='lat' dir='ltr'><strong>postquam</strong></span> <span class='ocrx_word' id='word_1_208' title='bbox 1056 2283 1155 2337; x_wconf 88' lang='lat' dir='ltr'><strong>Cn.</strong></span> <span class='ocrx_word' id='word_1_209' title='bbox 1184 2283 1444 2351; x_wconf 83' lang='lat' dir='ltr'><strong>Pompeio</strong></span> <span class='ocrx_word' id='word_1_210' title='bbox 1475 2287 1530 2337; x_wconf 85' lang='lat' dir='ltr'><strong>et</strong></span> <span class='ocrx_word' id='word_1_211' title='bbox 1563 2284 1637 2336; x_wconf 91' lang='lat' dir='ltr'><strong>M.</strong></span> <span class='ocrx_word' id='word_1_212' title='bbox 1666 2284 1859 2338; x_wconf 88' lang='lat' dir='ltr'><strong>Crasso</strong></span> <span class='ocrx_word' id='word_1_213' title='bbox 1884 2302 2009 2338; x_wconf 91' lang='lat' dir='ltr'><strong>con-</strong></span> 
     </span>
     <span class='ocr_line' id='line_1_29' title="bbox 299 2357 2010 2428; baseline 0.002 -18"><span class='ocrx_word' id='word_1_214' title='bbox 299 2357 508 2411; x_wconf 88' lang='lat' dir='ltr'><strong>sulibus</strong></span> <span class='ocrx_word' id='word_1_215' title='bbox 547 2357 839 2411; x_wconf 84' lang='lat' dir='ltr'><strong>tribunicia</strong></span> <span class='ocrx_word' id='word_1_216' title='bbox 875 2363 1123 2426; x_wconf 86' lang='lat' dir='ltr'><strong>potestas</strong></span> <span class='ocrx_word' id='word_1_217' title='bbox 1164 2360 1427 2413; x_wconf 89' lang='lat' dir='ltr'><strong>restituta</strong></span> <span class='ocrx_word' id='word_1_218' title='bbox 1464 2363 1563 2428; x_wconf 90' lang='lat' dir='ltr'><strong>est,</strong></span> <span class='ocrx_word' id='word_1_219' title='bbox 1597 2358 1844 2413; x_wconf 90' lang='lat' dir='ltr'><strong>homines</strong></span> <span class='ocrx_word' id='word_1_220' title='bbox 1879 2361 2010 2413; x_wconf 87' lang='lat' dir='ltr'><strong>adu-</strong></span> 
     </span>
     <span class='ocr_line' id='line_1_30' title="bbox 298 2433 2009 2506; baseline 0.001 -19"><span class='ocrx_word' id='word_1_221' title='bbox 298 2433 567 2488; x_wconf 79' lang='lat' dir='ltr'><strong>lescentes</strong></span> <span class='ocrx_word' id='word_1_222' title='bbox 605 2452 871 2488; x_wconf 90' lang='lat' dir='ltr'><strong>summam</strong></span> <span class='ocrx_word' id='word_1_223' title='bbox 906 2439 1245 2506; x_wconf 87' lang='lat' dir='ltr'><strong>potestatem</strong></span> <span class='ocrx_word' id='word_1_224' title='bbox 1279 2437 1441 2502; x_wconf 89' lang='lat' dir='ltr'><strong>nacti,</strong></span> <span class='ocrx_word' id='word_1_225' title='bbox 1481 2437 1677 2505; x_wconf 85' lang='lat' dir='ltr'><strong>quibus</strong></span> <span class='ocrx_word' id='word_1_226' title='bbox 1714 2441 1864 2490; x_wconf 85' lang='lat' dir='ltr'><strong>aetas</strong></span> <span class='ocrx_word' id='word_1_227' title='bbox 1899 2438 2009 2490; x_wconf 90' lang='lat' dir='ltr'><strong>ani-</strong></span> 
     </span>
     <span class='ocr_line' id='line_1_31' title="bbox 297 2510 2007 2581; baseline 0.004 -20"><span class='ocrx_word' id='word_1_228' title='bbox 297 2526 528 2577; x_wconf 89' lang='lat' dir='ltr'><strong>musque</strong></span> <span class='ocrx_word' id='word_1_229' title='bbox 554 2510 707 2563; x_wconf 88' lang='lat' dir='ltr'><strong>ferox</strong></span> <span class='ocrx_word' id='word_1_230' title='bbox 734 2516 869 2578; x_wconf 86' lang='lat' dir='ltr'><strong>erat,</strong></span> <span class='ocrx_word' id='word_1_231' title='bbox 895 2528 1126 2581; x_wconf 90' lang='lat' dir='ltr'><strong>coepere</strong></span> <span class='ocrx_word' id='word_1_232' title='bbox 1153 2515 1403 2565; x_wconf 88' lang='lat' dir='ltr'><strong>senatum</strong></span> <span class='ocrx_word' id='word_1_233' title='bbox 1429 2513 1766 2566; x_wconf 87' lang='lat' dir='ltr'><strong>criminando</strong></span> <span class='ocrx_word' id='word_1_234' title='bbox 1789 2513 2007 2580; x_wconf 87' lang='lat' dir='ltr'><strong>plebem</strong></span> 
     </span>
     <span class='ocr_line' id='line_1_32' title="bbox 297 2586 2007 2657; baseline 0.004 -20"><span class='ocrx_word' id='word_1_235' title='bbox 297 2586 594 2654; x_wconf 88' lang='lat' dir='ltr'><strong>exagitare,</strong></span> <span class='ocrx_word' id='word_1_236' title='bbox 631 2586 758 2639; x_wconf 88' lang='lat' dir='ltr'><strong>dein</strong></span> <span class='ocrx_word' id='word_1_237' title='bbox 794 2587 1080 2655; x_wconf 80' lang='lat' dir='ltr'><strong>largiundo</strong></span> <span class='ocrx_word' id='word_1_238' title='bbox 1118 2592 1289 2656; x_wconf 90' lang='lat' dir='ltr'><strong>atque</strong></span> <span class='ocrx_word' id='word_1_239' title='bbox 1326 2588 1679 2656; x_wconf 85' lang='lat' dir='ltr'><strong>pollicitando</strong></span> <span class='ocrx_word' id='word_1_240' title='bbox 1718 2589 1888 2657; x_wconf 86' lang='lat' dir='ltr'><strong>magis</strong></span> <span class='ocrx_word' id='word_1_241' title='bbox 1929 2591 2007 2643; x_wconf 90' lang='lat' dir='ltr'><strong>in-</strong></span> 
     </span>
     <span class='ocr_line' id='line_1_33' title="bbox 296 2661 2007 2733; baseline 0.004 -19"><span class='ocrx_word' id='word_1_242' title='bbox 296 2661 562 2726; x_wconf 87' lang='lat' dir='ltr'><strong>cendere;</strong></span> <span class='ocrx_word' id='word_1_243' title='bbox 612 2662 694 2716; x_wconf 86' lang='lat' dir='ltr'><strong>ita</strong></span> <span class='ocrx_word' id='word_1_244' title='bbox 733 2662 835 2728; x_wconf 90' lang='lat' dir='ltr'><strong>ipsi</strong></span> <span class='ocrx_word' id='word_1_245' title='bbox 877 2664 1007 2717; x_wconf 83' lang='lat' dir='ltr'><strong>clari</strong></span> <span class='ocrx_word' id='word_1_246' title='bbox 1052 2668 1418 2733; x_wconf 89' lang='lat' dir='ltr'><strong>potentesque</strong></span> <span class='ocrx_word' id='word_1_247' title='bbox 1463 2665 1592 2718; x_wconf 88' lang='lat' dir='ltr'><strong>fieri.</strong></span> <span class='ocrx_word' id='word_1_248' title='bbox 1667 2665 1871 2719; x_wconf 86' lang='lat' dir='ltr'><strong>Contra</strong></span> <span class='ocrx_word' id='word_1_249' title='bbox 1914 2684 2007 2720; x_wconf 91' lang='lat' dir='ltr'><strong>eos</strong></span> 
     </span>
     <span class='ocr_line' id='line_1_34' title="bbox 296 2738 2006 2810; baseline 0.004 -20"><span class='ocrx_word' id='word_1_250' title='bbox 296 2753 509 2792; x_wconf 89' lang='lat' dir='ltr'><strong>summa</strong></span> <span class='ocrx_word' id='word_1_251' title='bbox 541 2753 645 2806; x_wconf 88' lang='lat' dir='ltr'><strong>ope</strong></span> <span class='ocrx_word' id='word_1_252' title='bbox 673 2738 954 2791; x_wconf 89' lang='lat' dir='ltr'><strong>nitebatur</strong></span> <span class='ocrx_word' id='word_1_253' title='bbox 982 2740 1247 2808; x_wconf 76' lang='lat' dir='ltr'><strong>pleraque</strong></span> <span class='ocrx_word' id='word_1_254' title='bbox 1277 2739 1532 2793; x_wconf 82' lang='lat' dir='ltr'><strong>nobilitas</strong></span> <span class='ocrx_word' id='word_1_255' title='bbox 1570 2746 1792 2796; x_wconf 87' lang='lat' dir='ltr'><strong>senatus</strong></span> <span class='ocrx_word' id='word_1_256' title='bbox 1828 2744 2006 2810; x_wconf 89' lang='lat' dir='ltr'><strong>specie</strong></span> 
     </span>
     <span class='ocr_line' id='line_1_35' title="bbox 295 2813 2005 2888; baseline 0.004 -23"><span class='ocrx_word' id='word_1_257' title='bbox 295 2830 396 2881; x_wconf 87' lang='lat' dir='ltr'><strong>pro</strong></span> <span class='ocrx_word' id='word_1_258' title='bbox 447 2830 545 2867; x_wconf 86' lang='lat' dir='ltr'><strong>sua</strong></span> <span class='ocrx_word' id='word_1_259' title='bbox 594 2813 989 2882; x_wconf 68' lang='lat' dir='ltr'><strong>magnitudine⁴</strong></span> <span class='ocrx_word' id='word_1_260' title='bbox 1075 2817 1345 2885; x_wconf 86' lang='lat' dir='ltr'><strong>Namque,</strong></span> <span class='ocrx_word' id='word_1_261' title='bbox 1401 2818 1482 2870; x_wconf 90' lang='lat' dir='ltr'><strong>uti</strong></span> <span class='ocrx_word' id='word_1_262' title='bbox 1537 2819 1720 2885; x_wconf 83' lang='lat' dir='ltr'><strong>paucis</strong></span> <span class='ocrx_word' id='word_1_263' title='bbox 1770 2819 2005 2888; x_wconf 78' lang='lat' dir='ltr'><strong>[verum]</strong></span> 
     </span>
     <span class='ocr_line' id='line_1_36' title="bbox 296 2889 2002 2962; baseline 0.004 -21"><span class='ocrx_word' id='word_1_264' title='bbox 296 2889 588 2958; x_wconf 87' lang='lat' dir='ltr'><strong>absolvam,</strong></span> <span class='ocrx_word' id='word_1_265' title='bbox 632 2907 733 2960; x_wconf 91' lang='lat' dir='ltr'><strong>per</strong></span> <span class='ocrx_word' id='word_1_266' title='bbox 772 2890 868 2944; x_wconf 91' lang='lat' dir='ltr'><strong>illa</strong></span> <span class='ocrx_word' id='word_1_267' title='bbox 909 2895 1158 2960; x_wconf 87' lang='lat' dir='ltr'><strong>tempora</strong></span> <span class='ocrx_word' id='word_1_268' title='bbox 1198 2894 1529 2962; x_wconf 89' lang='lat' dir='ltr'><strong>quicumque</strong></span> <span class='ocrx_word' id='word_1_269' title='bbox 1572 2911 1687 2945; x_wconf 90' lang='lat' dir='ltr'><strong>rem</strong></span> <span class='ocrx_word' id='word_1_270' title='bbox 1732 2894 2002 2960; x_wconf 88' lang='lat' dir='ltr'><strong>publicam</strong></span> 
     </span>
     <span class='ocr_line' id='line_1_37' title="bbox 294 2967 2004 3037; baseline 0.003 -19"><span class='ocrx_word' id='word_1_271' title='bbox 294 2967 589 3034; x_wconf 86' lang='lat' dir='ltr'><strong>agitavere,</strong></span> <span class='ocrx_word' id='word_1_272' title='bbox 634 2967 878 3021; x_wconf 88' lang='lat' dir='ltr'><strong>honestis</strong></span> <span class='ocrx_word' id='word_1_273' title='bbox 920 2969 1228 3021; x_wconf 86' lang='lat' dir='ltr'><strong>nominibus</strong></span> <span class='ocrx_word' id='word_1_274' title='bbox 1280 2969 1390 3037; x_wconf 91' lang='lat' dir='ltr'><strong>alii,</strong></span> <span class='ocrx_word' id='word_1_275' title='bbox 1440 2969 1603 3023; x_wconf 90' lang='lat' dir='ltr'><strong>sicuti</strong></span> <span class='ocrx_word' id='word_1_276' title='bbox 1648 2969 1833 3036; x_wconf 90' lang='lat' dir='ltr'><strong>populi</strong></span> <span class='ocrx_word' id='word_1_277' title='bbox 1873 2969 2004 3036; x_wconf 86' lang='lat' dir='ltr'><strong>jura</strong></span> 
     </span>
     <span class='ocr_line' id='line_1_38' title="bbox 294 3041 1999 3114; baseline 0.005 -22"><span class='ocrx_word' id='word_1_278' title='bbox 294 3041 668 3107; x_wconf 54' lang='lat' dir='ltr'><strong>defenderent,</strong></span> <span class='ocrx_word' id='word_1_279' title='bbox 706 3060 847 3111; x_wconf 76' lang='lat' dir='ltr'><strong>parS,</strong></span> <span class='ocrx_word' id='word_1_280' title='bbox 879 3059 986 3112; x_wconf 86' lang='lat' dir='ltr'><strong>quo</strong></span> <span class='ocrx_word' id='word_1_281' title='bbox 1021 3046 1197 3097; x_wconf 84' lang='lat' dir='ltr'><strong>senati</strong></span> <span class='ocrx_word' id='word_1_282' title='bbox 1231 3046 1531 3100; x_wconf 81' lang='lat' dir='ltr'><strong>a·1ct0ritas</strong></span> <span class='ocrx_word' id='word_1_283' title='bbox 1562 3062 1814 3098; x_wconf 86' lang='lat' dir='ltr'><strong>maxuma</strong></span> <span class='ocrx_word' id='word_1_284' title='bbox 1841 3045 1999 3114; x_wconf 89' lang='lat' dir='ltr'><strong>foret,</strong></span> 
     </span>
     <span class='ocr_line' id='line_1_39' title="bbox 292 3114 2004 3191; baseline 0.005 -23"><span class='ocrx_word' id='word_1_285' title='bbox 292 3114 494 3170; x_wconf 88' lang='lat' dir='ltr'><strong>bonum</strong></span> <span class='ocrx_word' id='word_1_286' title='bbox 530 3118 807 3186; x_wconf 88' lang='lat' dir='ltr'><strong>publicum</strong></span> <span class='ocrx_word' id='word_1_287' title='bbox 848 3119 1182 3186; x_wconf 87' lang='lat' dir='ltr'><strong>simulantes,</strong></span> <span class='ocrx_word' id='word_1_288' title='bbox 1223 3137 1321 3189; x_wconf 89' lang='lat' dir='ltr'><strong>pro</strong></span> <span class='ocrx_word' id='word_1_289' title='bbox 1359 3139 1455 3175; x_wconf 83' lang='lat' dir='ltr'><strong>sua</strong></span> <span class='ocrx_word' id='word_1_290' title='bbox 1491 3123 1721 3191; x_wconf 86' lang='lat' dir='ltr'><strong>quisque</strong></span> <span class='ocrx_word' id='word_1_291' title='bbox 1757 3124 2004 3189; x_wconf 89' lang='lat' dir='ltr'><strong>potentia</strong></span> 
     </span>
     <span class='ocr_line' id='line_1_40' title="bbox 292 3193 2003 3265; baseline 0.003 -20"><span class='ocrx_word' id='word_1_292' title='bbox 292 3193 612 3259; x_wconf 87' lang='lat' dir='ltr'><strong>certabant;</strong></span> <span class='ocrx_word' id='word_1_293' title='bbox 661 3211 841 3263; x_wconf 89' lang='lat' dir='ltr'><strong>neque</strong></span> <span class='ocrx_word' id='word_1_294' title='bbox 878 3196 987 3249; x_wconf 89' lang='lat' dir='ltr'><strong>illis</strong></span> <span class='ocrx_word' id='word_1_295' title='bbox 1025 3196 1295 3250; x_wconf 87' lang='lat' dir='ltr'><strong>modestia</strong></span> <span class='ocrx_word' id='word_1_296' title='bbox 1335 3213 1513 3265; x_wconf 89' lang='lat' dir='ltr'><strong>neque</strong></span> <span class='ocrx_word' id='word_1_297' title='bbox 1552 3198 1745 3250; x_wconf 82' lang='lat' dir='ltr'><strong>modus</strong></span> <span class='ocrx_word' id='word_1_298' title='bbox 1783 3201 2003 3250; x_wconf 87' lang='lat' dir='ltr'><strong>conten-</strong></span> 
     </span>
     <span class='ocr_line' id='line_1_41' title="bbox 291 3268 1895 3340; baseline 0.002 -18"><span class='ocrx_word' id='word_1_299' title='bbox 291 3268 458 3322; x_wconf 84' lang='lat' dir='ltr'><strong>tionis</strong></span> <span class='ocrx_word' id='word_1_300' title='bbox 481 3273 634 3336; x_wconf 84' lang='lat' dir='ltr'><strong>erat;</strong></span> <span class='ocrx_word' id='word_1_301' title='bbox 668 3270 891 3340; x_wconf 84' lang='lat' dir='ltr'><strong>utrique</strong></span> <span class='ocrx_word' id='word_1_302' title='bbox 916 3271 1199 3326; x_wconf 87' lang='lat' dir='ltr'><strong>victoriam</strong></span> <span class='ocrx_word' id='word_1_303' title='bbox 1227 3273 1527 3328; x_wconf 88' lang='lat' dir='ltr'><strong>crudeliter</strong></span> <span class='ocrx_word' id='word_1_304' title='bbox 1550 3273 1895 3326; x_wconf 84' lang='lat' dir='ltr'><strong>exercebant.</strong></span> 
     </span>
    </p>
   </div>
  </div>
 </body>
</html>
