2269 3561
238 198 302 246 12
731 195 787 244 C.
825 191 1061 244 SALLU
1069 193 1179 242 STI
1215 193 1449 241 CRISPI

238 276 561 344 sacerdotia,
580 277 812 344 rapinas,
838 274 945 328 alia
967 275 1163 342 omnia,
1180 291 1322 343 quae
1343 274 1547 328 bellum
1563 277 1732 343 atque
1754 273 1941 328 lubido

237 354 505 407 victorum
552 353 677 407 fert.
752 352 1050 405 Praeterea
1098 368 1225 405 esse.
1267 352 1322 404 in
1375 352 1642 419 Hispania
1688 352 1942 405 citeriore

240 429 510 496 Pisonem,
536 430 590 481 in
625 428 970 482 Mauretania
1000 445 1124 481 cum
1152 429 1401 482 exercitu
1427 429 1485 482 P.
1514 429 1737 482 Sittium
1765 428 1814 480 N
1819 445 1943 481 uce-

238 505 432 571 rinum,
482 504 669 558 consili
728 504 811 557 sui
867 505 1194 572 participes3
1252 508 1443 572 petere
1490 504 1828 558 consulatum
1882 504 1943 559 C.

239 580 562 648 Antonium,
588 597 752 650 quem
787 579 891 633 sibi
929 580 1192 648 collegam
1228 581 1345 634 fore
1384 584 1647 648 speraret,
1671 581 1941 634 hominem

239 660 298 711 et
336 657 658 710 familiarem
697 660 755 710 et
793 657 1041 709 omnibus
1078 656 1578 710 necessitudinibus
1615 657 1944 710 circumven-

238 737 358 787 tum
379 754 391 799 ;
426 750 548 787 cum
574 751 639 786 eo
664 750 723 787 se
747 733 1023 786 consulem
1047 733 1266 785 initium
1291 732 1495 800 agundi
1520 732 1808 786 facturum.
1848 732 1942 786 Ad

239 811 341 863 hoc
388 809 695 864 maledictis
740 809 987 877 increpat
1036 811 1212 861 omnis
1259 809 1447 875 bonos,
1490 812 1711 862 suorum
1751 825 1942 861 unum-

240 901 513 954 quemque
527 887 812 940 nominans
838 885 1093 951 laudare;
1116 885 1449 939 admonebat
1474 885 1639 938 alium
1660 887 1939 952 egestatis,

238 961 404 1014 alium
420 962 737 1030 cupiditatis
760 979 904 1028 suae,
920 961 1213 1029 compluris
1236 962 1463 1028 periculi
1488 963 1617 1014 aut
1603 962 1943 1029 ignominiae,

238 1038 440 1092 multos
485 1039 744 1092 victoriae
794 1038 1061 1105 Sullanae,
1103 1030 1304 1106 quibus
1354 1055 1420 1091 ea
1466 1022 1707 1107 praedae
1747 1039 1943 1092 fuerat.

242 1113 541 1183 Postquam
579 1115 819 1168 omnium
859 1116 1067 1168 animos
1106 1115 1300 1167 alacris
1332 1114 1500 1181 videt,
1528 1114 1845 1167 cohortatus
1880 1119 1945 1168 ut

239 1190 561 1257 petitionem
587 1209 742 1246 suam
766 1204 926 1245 curae
951 1191 1235 1259 haberent,
1261 1156 1586 1244 convent'um
1614 1191 1836 1244 dimisit

344 1272 424 1320 22.
498 1268 676 1322 Fuere
715 1285 780 1323 ea
828 1272 1159 1336 tempestate
1208 1269 1302 1336 qui
1358 1253 1604 1320 diceient
1654 1267 1944 1320 Catilinam

239 1343 483 1397 oratioue
505 1344 708 1410 habita,
729 1362 896 1413 quum
922 1345 991 1396 ad
1011 1343 1403 1410 jusjurandum
1428 1340 1706 1431 popularis
1726 1343 1945 1396 sceleris

241 1419 324 1471 sui
347 1419 610 1487 adigeret,
627 1421 849 1474 humani
869 1422 1110 1489 corporis
1134 1422 1451 1487 sanguinem
1467 1419 1592 1472 vino
1611 1419 1945 1488 permixtum

238 1495 295 1546 in
317 1498 524 1562 pateris
548 1497 975 1561 circumtulisse;
1013 1497 1144 1549 inde
1170 1513 1338 1564 quum
1365 1499 1490 1564 post
1515 1496 1944 1549 exsecrationem

239 1587 427 1624 omnes
465 1571 921 1641 degustavissent,
959 1573 1102 1626 sicut
1141 1574 1196 1626 in
1234 1572 1582 1625 sollemnibus
1621 1573 1791 1625 sacris
1824 1572 1944 1625 fieri

241 1648 533 1715 consuevit,
558 1650 835 1719 aperuisse
858 1650 1140 1703 consilium
1167 1666 1338 1714 suum,
1357 1653 1527 1718 atque
1552 1665 1619 1701 eo
1643 1647 1944 1717 [dictitare]

239 1723 445 1791 fecisse,
485 1742 592 1795 quo
629 1726 775 1780 inter
814 1744 874 1780 se
914 1727 1087 1796 magis
1125 1727 1226 1780 fidi
1260 1727 1459 1793 forent,
1499 1725 1635 1778 alius
1674 1725 1765 1777 alii
1801 1725 1941 1779 tanti

239 1800 490 1854 facinoris
514 1804 727 1858 conscii.
801 1804 1061 1857 Nonnulli
1086 1804 1218 1858 ficta
1243 1807 1300 1857 et
1336 1803 1472 1856 haec
1497 1806 1556 1856 et
1581 1802 1755 1856 multa
1790 1818 1943 1870 prae-

239 1880 394 1929 terea
418 1879 826 1934 existumabant
857 1880 928 1933 ab
960 1881 1042 1948 iis,
1067 1881 1163 1949 qui
1200 1879 1478 1934 Ciceronis
1501 1878 1779 1947 invidiam,
1804 1895 1945 1947 quae

239 1956 429 2019 postea
452 1959 574 2008 orta
589 1959 687 2019 est,
702 1956 859 2009 leniri
883 1956 1186 2010 credebant
1204 1956 1497 2010 atrocitate
1516 1955 1735 2008 sceleris
1754 1971 1941 2009 eorum

240 2029 333 2095 qui
376 2046 574 2097 poenas
622 2032 908 2086 dederant.
981 2033 1155 2086 Nobis
1194 2049 1260 2085 ea
1296 2048 1387 2085 res
1428 2047 1529 2099 pro
1566 2030 1944 2098 magnitudine

240 2122 430 2170 parum
455 2113 735 2177 comperta
758 2114 856 2163 est.

344 2189 424 2235 23.
498 2185 609 2237 Sed
649 2185 706 2238 in
745 2203 811 2239 ea
858 2184 1236 2252 conjuratione
1278 2184 1383 2237 fuit
1427 2185 1488 2249 Q.
1529 2183 1742 2250 Curius,
1781 2188 1943 2237 natus

240 2256 387 2311 haud
410 2259 637 2314 obscuro
660 2262 793 2328 1000,
818 2261 1037 2329 flagitiis
1076 2265 1244 2328 atque
1274 2259 1599 2313 facinoribus
1636 2263 1941 2328 coopertus,

240 2350 403 2399 quem
444 2352 696 2389 censores
734 2340 928 2390 senatu
968 2336 1155 2404 probri
1202 2335 1383 2402 gratia
1423 2339 1720 2388 moverant.
1796 2336 1942 2389 Huic

238 2408 441 2463 homini
475 2428 582 2464 non
620 2413 797 2466 minor
821 2412 1030 2465 vanitas
1066 2412 1245 2465 inerat
1275 2428 1437 2480 quam
1471 2411 1728 2477 audacia3
1765 2429 1942 2480 neque

238 2486 471 2540 reticere
496 2505 637 2556 quae
660 2489 926 2555 audierat,
952 2505 1132 2556 neque
1158 2492 1370 2542 suamet
1393 2488 1512 2556 ipse
1538 2488 1742 2541 scelera
1766 2488 1941 2541 occul-

237 2565 372 2628 tare,
398 2580 621 2631 prorsus
644 2582 822 2634 neque
847 2565 1029 2618 dicere
1054 2581 1230 2631 neque
1257 2565 1432 2617 facere
1458 2565 1749 2632 quicquam
1786 2565 1938 2632 pensi

237 2637 489 2694 habebat.
563 2641 700 2695 Erat
749 2641 801 2694 ei
848 2658 971 2694 cum
1023 2640 1228 2707 Fulvia,
1266 2641 1494 2695 muliere
1537 2640 1718 2705 nobili,
1763 2640 1939 2707 stupri

238 2718 396 2768 vetus
434 2717 802 2783 consuetud03
837 2718 923 2771 cui
962 2734 1133 2785 quum
1172 2717 1351 2770 minus
1391 2721 1580 2785 gratus
1617 2720 1776 2783 esset,
1813 2716 1941 2784 quia

236 2790 419 2858 inopia
466 2794 643 2846 minus
692 2794 876 2862 largiri
924 2797 1160 2862 poterat,
1210 2798 1436 2861 repente
1483 2793 1721 2860 glorians
1768 2792 1940 2845 maria

236 2868 542 2937 montisque
579 2870 820 2938 polliceri
853 2870 1034 2938 coepit
1066 2873 1124 2923 et
1160 2870 1355 2922 minari
1383 2869 1660 2922 interdum
1697 2869 1857 2936 ferro,
1881 2868 1938 2920 ni

237 2941 340 2994 sibi
364 2942 596 2998 obnoxia
620 2947 780 3012 foret,
806 2949 1083 3015 postremo
1118 2945 1352 2998 ferocius
1389 2948 1598 3013 agitare
1625 2962 1788 3012 quam
1815 2945 1938 2997 soli-

236 3023 326 3070 tus
366 3023 498 3074 erat.
573 3024 655 3076 At
698 3022 904 3090 Fulvia,
942 3022 1263 3075 insolentiae
1307 3022 1437 3076 Curi
1477 3038 1664 3075 caussa
1704 3021 1937 3089 cognita,

237 3094 348 3146 tale
373 3098 671 3161 periculum
710 3099 791 3152 rei
821 3065 1072 3166 publicae
1104 3098 1252 3150 haud
1288 3098 1558 3151 occultum
1596 3097 1803 3164 habuit,
1838 3098 1936 3151 sed

236 3170 451 3224 sublato
476 3177 700 3227 auctore
735 3173 807 3228 de
833 3174 1102 3228 Catilinae
1136 3173 1526 3242 conjuratione,
1553 3191 1694 3242 quae
1719 3190 1938 3262 quoque

234 3245 399 3299 modo
423 3248 689 3318 audierat,
715 3248 1081 3318 compluribus
1111 3249 1370 3303 narravit.
1441 3250 1522 3302 Ea
1546 3267 1634 3303 res
1657 3250 1712 3302 in
1746 3250 1938 3318 primis
