2269 3561
328 208 387 253 56
822 208 877 255 o.
916 176 1270 257 SALLus'ri
1301 210 1536 258 omsm

325 287 380 337 in
421 284 616 338 diebus
651 288 930 354 proxumis
968 286 1158 340 decem
1201 289 1362 343 Italia
1403 289 1751 348 decederent.
1835 295 2034 350 Consul

326 361 581 414 Numidis
618 377 684 413 ex
723 362 900 415 senati
935 364 1162 417 decreto
1196 366 1436 419 nuntiari
1467 367 1662 436 jubet3
1700 371 1782 424 ita
1813 372 2035 429 infectis

324 438 488 491 rebus
511 438 589 490 illi
616 438 836 493 domum
862 439 1169 494 discedunt.
1234 442 1462 496 Interim
1486 445 1813 515 Calpurnius
1837 457 2033 519 parato

324 516 569 568 exercitu
618 515 768 582 legat
810 515 913 569 sibi
953 517 1200 571 homines
1237 520 1447 582 nobilis,
1486 522 1759 592 factiosos»,
1799 544 2033 594 quorum

321 592 651 645 auctoritate
694 608 835 660 quae
875 592 1197 660 deliquisset
1238 597 1447 649 munita
1487 599 1605 652 fore
1646 602 1935 670 sperabat3
1971 607 2031 660 in

322 668 443 736 quis
475 669 579 721 fuit
605 669 855 735 Scaurus,‚
882 670 1038 737 cujus
1063 670 1133 724 de
1169 677 1367 726 natura
1400 679 1457 726 et
1490 674 1684 729 habitu
1717 694 1882 746 supra
1918 698 2031 735 me-

319 745 661 799 moravimus.
736 746 878 798 Nam
915 747 969 798 in
1008 750 1228 802 consule
1264 753 1453 803 nostro
1490 752 1697 807 multae
1744 754 2031 827 bonaeque

319 826 470 875 artes
494 822 658 875 animi
685 827 742 875 et
776 823 1019 891 corporis
1045 831 1218 893 erant,
1244 844 1380 895 quas
1415 831 1589 882 omnis
1618 832 1849 886 avaritia
1876 852 2032 903 prae-

318 899 609 967 pediebat;
644 900 858 967 patiens
884 899 1147 967 laborum,
1174 904 1285 955 acri
1310 905 1539 972 ingenie,
1560 908 1695 961 satis
1719 910 2026 981 providens,

319 975 447 1029 belli
470 976 619 1029 haud
651 977 887 1043 ignaruS,
914 977 1275 1032 firmissumus
1312 989 1502 1035 contra
1536 984 1780 1052 pericula
1805 990 1862 1039 et
1898 988 2028 1042 insi-

319 1051 450 1105 dias.
523 1053 635 1106 Sed
669 1053 909 1120 legiones
945 1071 1045 1122 per
1095 1055 1315 1109 Italiam
1369 1057 1654 1126 Rhegium,
1693 1065 1862 1129 atque
1896 1065 2027 1119 inde

317 1129 567 1194 Siciliam,
592 1148 753 1198 porro
774 1147 841 1183 ex
868 1130 1053 1183 Sicilia
1075 1131 1130 1183 in
1162 1132 1407 1185 Africam
1432 1138 1791 1191 transvectae.
1843 1140 2027 1207 Igitur

319 1206 645 1275 Calpurnius
663 1207 817 1260 initio
843 1208 1050 1276 paratis
1068 1209 1463 1262 commeatibus
1479 1212 1684 1265 acriter
1704 1214 2024 1271 Numidiam

315 1284 591 1351 ingressus
627 1287 726 1351 est,
752 1284 1064 1352 multosque
1087 1284 1334 1337 mortalis
1370 1290 1428 1340 et
1463 1287 1619 1341 urbis
1643 1289 1854 1358 aliquot
1890 1310 2023 1364 pug-

314 1361 495 1413 nando
515 1360 677 1428 cepit.

418 1442 499 1489 29.
572 1436 684 1489 Sed
700 1437 798 1489 ubi
823 1437 1103 1505 Jugurtha
1125 1454 1227 1504 per
1249 1440 1459 1508 legatos
1490 1444 1722 1509 pecunia
1746 1448 2021 1515 temptare

314 1512 553 1579 bellique
614 1513 762 1582 quod
827 1513 1248 1567 administrabat
1307 1517 1665 1584 asperitatem
1728 1524 2021 1578 ostendere

312 1590 508 1658 coepit,
535 1590 745 1642 animus
782 1607 947 1657 aeger
981 1590 1212 1643 avaritia
1243 1591 1400 1645 facile
1437 1610 1733 1649 convorsus
1759 1602 1856 1651 est.
1920 1601 2022 1654 Ce-

311 1671 491 1719 terum
519 1667 693 1719 socius
719 1670 777 1718 et
809 1666 1130 1719 administer
1156 1667 1393 1720 omnium
1421 1670 1765 1725 consiliorum
1793 1677 2020 1729 assumi-

312 1747 405 1797 tur
429 1743 785 1811 ScauruS,q11i
806 1742 1026 1796 tametsi
1045 1759 1078 1795 a
1099 1742 1364 1811 principio
1388 1744 1666 1816 plerisque
1692 1767 1759 1802 ex
1780 1750 2018 1808 factione

312 1821 431 1889 ejus
482 1821 753 1887 corruptis
803 1836 1082 1872 acerrume
1126 1837 1312 1888 regem
1364 1822 1793 1894 impugnaverat,
1831 1834 2018 1884 tamen

310 1895 683 1964 magnitudine
733 1896 995 1966 pecuniae
1033 1913 1066 1948 a
1101 1897 1243 1948 bono
1292 1897 1627 1968 honestoque
1677 1903 1732 1955 in
1784 1921 2016 1972 pravum

309 1975 619 2028 abstractus
644 1977 741 2025 est.
816 1971 926 2025 Sed
953 1972 989 2024 ‚J
994 1973 1233 2040 ugurtha
1268 1974 1444 2041 primo
1481 1980 1860 2032 tantummodo
1887 1981 2017 2036 belli

307 2068 513 2103 moram
540 2048 859 2111 redimebat,
886 2049 1221 2101 existumans
1259 2067 1378 2102 sese
1403 2051 1613 2120 aliquid
1646 2055 1865 2108 interim
1908 2059 2016 2110 Ro-

307 2145 427 2181 mae
465 2125 643 2195 pretio
680 2130 777 2178 aut
823 2125 1001 2192 gratia
1037 2125 1390 2193 effecturum3
1440 2133 1633 2197 postea
1683 2149 1812 2185 vero
1848 2152 2013 2202 qnam

305 2203 625 2272 participem
652 2203 838 2268 negoti
877 2201 1138 2253 Scaurum
1178 2203 1405 2271 accepit,
1430 2204 1485 2256 in
1510 2222 1821 2261 maxumam
1859 2227 2012 2278 spem

304 2280 575 2333 adductus
597 2276 1005 2345 recuperandae
1029 2277 1196 2345 paciS,
1213 2280 1407 2332 statuit
1432 2297 1554 2334 cum
1579 2283 1646 2335 iis
1673 2285 1741 2337 de
1762 2286 2012 2340 omnibus

304 2355 645 2425 pactionibus
669 2370 926 2423 praesens
947 2370 1122 2420 agere.
1164 2355 1420 2408 Ceterum
1442 2358 1653 2412 interea
1673 2361 1799 2414 fidoi
1820 2380 2012 2418 caussa

307 2433 545 2484 mittitur
581 2447 614 2482 a
651 2430 870 2482 consule
912 2431 1130 2483 Sextius
1161 2437 1419 2498 quaestor
1441 2435 1494 2487 in
1520 2437 1780 2504 oppidum
1807 2439 1843 2489 J
1848 2457 2011 2507 ugur-

303 2508 433 2561 thae
461 2507 701 2573 Vagam;
737 2506 892 2573 cujus
930 2507 1008 2558 rci
1048 2508 1256 2574 species
1294 2513 1414 2562 erat
1449 2514 1694 2582 acceptio
1730 2514 2009 2585 frumenti,

304 2584 448 2652 quod
490 2583 816 2650 Calpurnius
861 2583 1040 2652 palam
1086 2584 1282 2651 legatis
1319 2587 1699 2657 imperaverat,
1752 2594 2008 2659 quoniam

304 2660 597 2714 deditionis
634 2676 785 2712 mora
821 2659 1073 2713 induciae
1116 2662 1478 2728 agitabantur.
1556 2666 1738 2734 Igitur
1770 2685 1884 2736 reX,
1922 2672 2011 2725 uti*

302 2737 676 2804 constituerat,
699 2738 754 2788 in
779 2741 960 2789 castra
993 2738 1160 2804 venit,
1185 2754 1248 2790 ac
1276 2756 1448 2806 pauca
1478 2745 1756 2809 praesenti
1781 2746 2006 2800 consilio

303 2815 515 2867 locutus
551 2813 622 2867 de
646 2813 849 2867 invidia
872 2813 1002 2866 facti
1038 2815 1136 2878 sui,
1175 2817 1342 2882 atquc
1366 2820 1432 2869 ut
1454 2817 1509 2868 in
1547 2818 1878 2874 deditionem
1917 2832 2013 2876 ac-‘

302 2891 593 2958 ciperetur,
621 2891 830 2958 reliqua
868 2908 988 2943 cum
1031 2890 1218 2944 Bestia
1248 2894 1307 2943 et
1344 2891 1546 2945 Scauro
1583 2899 1794 2950 secreta
1831 2901 2006 2952 trans-

300 2968 432 3034 igit3
488 2967 611 3020 dein
652 2972 873 3036 postero
923 2968 1027 3034 die,
1068 2969 1222 3035 quasi
1271 2985 1370 3036 per
1417 2974 1659 3023 saturam
1709 2976 2003 3029 sententiis

302 3044 600 3111 exquisitiS,
642 3045 696 3096 in
735 3044 1067 3097 deditionem
1105 3045 1382 3112 accipsstur.
1458 3046 1582 3114 Sed,
1620 3050 1701 3101 uti
1737 3068 1837 3118 pro
1875 3069 2003 3105 con-

300 3119 420 3172 silio
464 3121 791 3187 imperatum
841 3125 974 3187 erat,
1011 3120 1284 3187 elephanti
1334 3121 1574 3189 triginta,
1618 3143 1783 3194 pecus
1829 3131 2001 3197 atque

301 3196 425 3262 equi
460 3196 619 3249 multi
664 3213 782 3248 cum
829 3214 994 3264 parvo
1030 3197 1244 3263 argenti
1289 3199 1529 3264 pondere
1574 3204 1851 3268 quaestori
1888 3208 2004 3258 tra-

301 3271 520 3325 dantur.
591 3272 912 3341 Calpurnius
950 3273 1180 3326 Romam
1223 3273 1295 3326 ad
1332 3276 1686 3343 magistratus
1724 3280 2016 3347 rogandos
