<?xml version="1.0" encoding="UTF-8"?>
<!DOCTYPE html PUBLIC "-//W3C//DTD XHTML 1.0 Transitional//EN"
    "http://www.w3.org/TR/xhtml1/DTD/xhtml1-transitional.dtd">
<html xmlns="http://www.w3.org/1999/xhtml" xml:lang="en" lang="en">
 <head>
  <title>
</title>
<meta http-equiv="Content-Type" content="text/html;charset=utf-8" />
  <meta name='ocr-system' content='tesseract 3.04.00' />
  <meta name='ocr-capabilities' content='ocr_page ocr_carea ocr_par ocr_line ocrx_word'/>
</head>
<body>
  <div class='ocr_page' id='page_1' title='image "./catilinaetjugur01sallgoog_0069.png"; bbox 0 0 2269 3561; ppageno 0'>
   <div class='ocr_carea' id='block_1_1' title="bbox 926 186 2106 266">
    <p class='ocr_par' dir='ltr' id='par_1_1' title="bbox 926 186 2106 266">
     <span class='ocr_line' id='line_1_1' title="bbox 926 186 2106 266; baseline 0.003 -14"><span class='ocrx_word' id='word_1_1' title='bbox 926 186 1342 254; x_wconf 73' lang='lat' dir='ltr'><strong>JU&#39;GURTHA.</strong></span> <span class='ocrx_word' id='word_1_2' title='bbox 1451 218 1454 221; x_wconf 41' lang='grc'>“</span> <span class='ocrx_word' id='word_1_3' title='bbox 1903 211 1987 256; x_wconf 55' lang='lat'>&#39;55</span> <span class='ocrx_word' id='word_1_4' title='bbox 2086 248 2106 266; x_wconf 84' lang='grc'><em>,</em></span> 
     </span>
    </p>
   </div>
   <div class='ocr_carea' id='block_1_2' title="bbox 224 282 1987 1651">
    <p class='ocr_par' dir='ltr' id='par_1_2' title="bbox 283 282 1987 571">
     <span class='ocr_line' id='line_1_2' title="bbox 288 282 1987 352; baseline 0.002 -16"><span class='ocrx_word' id='word_1_5' title='bbox 288 282 436 336; x_wconf 89' lang='lat' dir='ltr'>tibus</span> <span class='ocrx_word' id='word_1_6' title='bbox 480 282 537 336; x_wconf 89' lang='lat' dir='ltr'>in</span> <span class='ocrx_word' id='word_1_7' title='bbox 582 284 913 352; x_wconf 81' lang='lat' dir='ltr'>provinciam</span> <span class='ocrx_word' id='word_1_8' title='bbox 963 285 1125 339; x_wconf 87' lang='lat' dir='ltr'>venit.</span> <span class='ocrx_word' id='word_1_9' title='bbox 1199 287 1284 341; x_wconf 89' lang='lat' dir='ltr'>Ac</span> <span class='ocrx_word' id='word_1_10' title='bbox 1325 288 1548 342; x_wconf 86' lang='lat' dir='ltr'>tametsi</span> <span class='ocrx_word' id='word_1_11' title='bbox 1592 288 1768 342; x_wconf 64' lang='lat' dir='ltr'>senati</span> <span class='ocrx_word' id='word_1_12' title='bbox 1806 288 1987 341; x_wconf 73' lang='lat' dir='ltr'>verbis</span> 
     </span>
     <span class='ocr_line' id='line_1_3' title="bbox 283 361 1984 433; baseline 0.003 -22"><span class='ocrx_word' id='word_1_13' title='bbox 283 375 478 426; x_wconf 83' lang='lat' dir='ltr'>graves</span> <span class='ocrx_word' id='word_1_14' title='bbox 502 361 679 414; x_wconf 86' lang='lat' dir='ltr'>minae</span> <span class='ocrx_word' id='word_1_15' title='bbox 702 361 1107 429; x_wconf 75' lang='lat' dir='ltr'>nuntiabantur,</span> <span class='ocrx_word' id='word_1_16' title='bbox 1134 363 1285 431; x_wconf 90' lang='lat' dir='ltr'>quod</span> <span class='ocrx_word' id='word_1_17' title='bbox 1308 363 1424 433; x_wconf 91' lang='lat' dir='ltr'>[ab]</span> <span class='ocrx_word' id='word_1_18' title='bbox 1450 366 1853 432; x_wconf 74' lang='lat' dir='ltr'>oppugnatione</span> <span class='ocrx_word' id='word_1_19' title='bbox 1878 382 1984 416; x_wconf 88' lang='lat' dir='ltr'>non</span> 
     </span>
     <span class='ocr_line' id='line_1_4' title="bbox 284 436 1985 508; baseline 0.003 -21"><span class='ocrx_word' id='word_1_20' title='bbox 284 436 594 504; x_wconf 86' lang='lat' dir='ltr'>desisteret,</span> <span class='ocrx_word' id='word_1_21' title='bbox 608 439 781 502; x_wconf 72' lang='lat' dir='ltr'>multa</span> <span class='ocrx_word' id='word_1_22' title='bbox 798 443 981 491; x_wconf 83' lang='lat' dir='ltr'>tamen</span> <span class='ocrx_word' id='word_1_23' title='bbox 1000 440 1244 492; x_wconf 89' lang='lat' dir='ltr'>oratione</span> <span class='ocrx_word' id='word_1_24' title='bbox 1260 445 1580 508; x_wconf 88' lang='lat' dir='ltr'>consumpta</span> <span class='ocrx_word' id='word_1_25' title='bbox 1598 441 1762 507; x_wconf 88' lang='lat' dir='ltr'>legati</span> <span class='ocrx_word' id='word_1_26' title='bbox 1780 441 1985 493; x_wconf 78' lang='lat' dir='ltr'>frustm</span> 
     </span>
     <span class='ocr_line' id='line_1_5' title="bbox 284 501 755 571; baseline 0.015 -7"><span class='ocrx_word' id='word_1_27' title='bbox 284 512 597 566; x_wconf 83' lang='lat' dir='ltr'>discessere.</span> <span class='ocrx_word' id='word_1_28' title='bbox 638 501 755 571; x_wconf 48' lang='lat' dir='ltr'>fs!</span> 
     </span>
    </p>

    <p class='ocr_par' dir='ltr' id='par_1_3' title="bbox 224 590 1983 1494">
     <span class='ocr_line' id='line_1_6' title="bbox 388 590 1983 661; baseline 0.002 -19"><span class='ocrx_word' id='word_1_29' title='bbox 388 595 467 642; x_wconf 80' lang='lat'>26.</span> <span class='ocrx_word' id='word_1_30' title='bbox 522 590 601 643; x_wconf 88' lang='lat' dir='ltr'>Ea</span> <span class='ocrx_word' id='word_1_31' title='bbox 624 593 913 660; x_wconf 78' lang='lat' dir='ltr'>postquam</span> <span class='ocrx_word' id='word_1_32' title='bbox 939 592 1125 644; x_wconf 80' lang='lat' dir='ltr'><strong>Cirtae</strong></span> <span class='ocrx_word' id='word_1_33' title='bbox 1150 591 1338 644; x_wconf 85' lang='lat' dir='ltr'>audita</span> <span class='ocrx_word' id='word_1_34' title='bbox 1363 595 1503 657; x_wconf 88' lang='lat' dir='ltr'>sunt,</span> <span class='ocrx_word' id='word_1_35' title='bbox 1531 592 1725 658; x_wconf 90' lang='lat' dir='ltr'>Italici,</span> <span class='ocrx_word' id='word_1_36' title='bbox 1752 609 1983 661; x_wconf 88' lang='lat' dir='ltr'>quorum</span> 
     </span>
     <span class='ocr_line' id='line_1_7' title="bbox 282 664 1983 733; baseline 0.002 -16"><span class='ocrx_word' id='word_1_37' title='bbox 282 664 488 718; x_wconf 85' lang='lat' dir='ltr'>virtute</span> <span class='ocrx_word' id='word_1_38' title='bbox 526 668 738 720; x_wconf 90' lang='lat' dir='ltr'>moenia</span> <span class='ocrx_word' id='word_1_39' title='bbox 786 667 1223 733; x_wconf 78' lang='lat' dir='ltr'>defensabantur,</span> <span class='ocrx_word' id='word_1_40' title='bbox 1274 669 1462 721; x_wconf 86' lang='lat' dir='ltr'>confisi</span> <span class='ocrx_word' id='word_1_41' title='bbox 1511 667 1791 722; x_wconf 88' lang='lat' dir='ltr'>deditione</span> <span class='ocrx_word' id='word_1_42' title='bbox 1838 669 1983 722; x_wconf 84' lang='lat' dir='ltr'>facta</span> 
     </span>
     <span class='ocr_line' id='line_1_8' title="bbox 281 743 1983 812; baseline 0.003 -19"><span class='ocrx_word' id='word_1_43' title='bbox 281 745 511 809; x_wconf 88' lang='lat' dir='ltr'>propter</span> <span class='ocrx_word' id='word_1_44' title='bbox 546 743 978 810; x_wconf 81' lang='lat' dir='ltr'>magnitudinem</span> <span class='ocrx_word' id='word_1_45' title='bbox 1017 743 1203 812; x_wconf 89' lang='lat' dir='ltr'>populi</span> <span class='ocrx_word' id='word_1_46' title='bbox 1251 744 1478 797; x_wconf 88' lang='lat' dir='ltr'>Romani</span> <span class='ocrx_word' id='word_1_47' title='bbox 1528 744 1813 797; x_wconf 82' lang='lat' dir='ltr'>inviolatos</span> <span class='ocrx_word' id='word_1_48' title='bbox 1863 762 1983 798; x_wconf 89' lang='lat' dir='ltr'>sese</span> 
     </span>
     <span class='ocr_line' id='line_1_9' title="bbox 262 818 1982 891; baseline 0.002 -22"><span class='ocrx_word' id='word_1_49' title='bbox 262 818 411 885; x_wconf 61' lang='lat' dir='ltr'>iore,</span> <span class='ocrx_word' id='word_1_50' title='bbox 444 818 746 871; x_wconf 82' lang='lat' dir='ltr'>Adherbali</span> <span class='ocrx_word' id='word_1_51' title='bbox 782 819 1033 891; x_wconf 78' lang='lat' dir='ltr'>suadent,</span> <span class='ocrx_word' id='word_1_52' title='bbox 1058 819 1143 872; x_wconf 92' lang='lat' dir='ltr'>uti</span> <span class='ocrx_word' id='word_1_53' title='bbox 1182 837 1349 888; x_wconf 89' lang='lat' dir='ltr'>seque</span> <span class='ocrx_word' id='word_1_54' title='bbox 1387 824 1446 873; x_wconf 92' lang='lat' dir='ltr'>et</span> <span class='ocrx_word' id='word_1_55' title='bbox 1482 820 1743 890; x_wconf 89' lang='lat' dir='ltr'>oppidum</span> <span class='ocrx_word' id='word_1_56' title='bbox 1776 820 1812 873; x_wconf 84' lang='lat' dir='ltr'><em>J</em></span> <span class='ocrx_word' id='word_1_57' title='bbox 1821 838 1982 888; x_wconf 90' lang='lat' dir='ltr'>ugur-</span> 
     </span>
     <span class='ocr_line' id='line_1_10' title="bbox 282 894 1981 966; baseline 0.003 -21"><span class='ocrx_word' id='word_1_58' title='bbox 282 894 411 947; x_wconf 85' lang='lat' dir='ltr'>thae</span> <span class='ocrx_word' id='word_1_59' title='bbox 439 895 639 962; x_wconf 89' lang='lat' dir='ltr'>tradat,</span> <span class='ocrx_word' id='word_1_60' title='bbox 663 899 819 949; x_wconf 90' lang='lat' dir='ltr'>tantu</span> <span class='ocrx_word' id='word_1_61' title='bbox 944 896 985 948; x_wconf 92' lang='lat' dir='ltr'>b</span> <span class='ocrx_word' id='word_1_62' title='bbox 1024 913 1089 949; x_wconf 89' lang='lat' dir='ltr'>eo</span> <span class='ocrx_word' id='word_1_63' title='bbox 1122 898 1289 949; x_wconf 84' lang='lat' dir='ltr'>vitam</span> <span class='ocrx_word' id='word_1_64' title='bbox 1325 898 1648 966; x_wconf 83' lang='lat' dir='ltr'>paciscatur,</span> <span class='ocrx_word' id='word_1_65' title='bbox 1675 897 1745 949; x_wconf 88' lang='lat' dir='ltr'>de</span> <span class='ocrx_word' id='word_1_66' title='bbox 1782 899 1981 950; x_wconf 88' lang='lat' dir='ltr'>ceteris</span> 
     </span>
     <span class='ocr_line' id='line_1_11' title="bbox 281 971 1983 1041; baseline 0.002 -20"><span class='ocrx_word' id='word_1_67' title='bbox 281 971 494 1023; x_wconf 89' lang='lat' dir='ltr'>senatui</span> <span class='ocrx_word' id='word_1_68' title='bbox 519 988 681 1025; x_wconf 89' lang='lat' dir='ltr'>curae</span> <span class='ocrx_word' id='word_1_69' title='bbox 706 973 867 1030; x_wconf 53' lang='lat' dir='ltr'>fore„</span> <span class='ocrx_word' id='word_1_70' title='bbox 971 977 996 1025; x_wconf 95' lang='lat' dir='ltr'>t</span> <span class='ocrx_word' id='word_1_71' title='bbox 1027 973 1132 1037; x_wconf 89' lang='lat' dir='ltr'>ille,</span> <span class='ocrx_word' id='word_1_72' title='bbox 1160 973 1382 1025; x_wconf 86' lang='lat' dir='ltr'>tametsi</span> <span class='ocrx_word' id='word_1_73' title='bbox 1420 974 1601 1025; x_wconf 86' lang='lat' dir='ltr'>omnia</span> <span class='ocrx_word' id='word_1_74' title='bbox 1635 973 1849 1041; x_wconf 88' lang='lat' dir='ltr'>potiora</span> <span class='ocrx_word' id='word_1_75' title='bbox 1871 973 1983 1025; x_wconf 89' lang='lat' dir='ltr'>fide</span> 
     </span>
     <span class='ocr_line' id='line_1_12' title="bbox 282 1046 1982 1123; baseline 0.002 -25"><span class='ocrx_word' id='word_1_76' title='bbox 282 1046 319 1098; x_wconf 87' lang='lat' dir='ltr'><strong>J</strong></span> <span class='ocrx_word' id='word_1_77' title='bbox 324 1046 591 1123; x_wconf 82' lang='lat' dir='ltr'>ugurthae</span> <span class='ocrx_word' id='word_1_78' title='bbox 615 1064 645 1099; x_wconf 91' lang='lat' dir='ltr'>r</span> <span class='ocrx_word' id='word_1_79' title='bbox 700 1108 705 1109; x_wconf 15' lang='lat'><em>⁷</em></span> <span class='ocrx_word' id='word_1_80' title='bbox 812 1066 847 1102; x_wconf 75' lang='lat' dir='ltr'>r</span> <span class='ocrx_word' id='word_1_81' title='bbox 881 1054 1068 1103; x_wconf 88' lang='lat' dir='ltr'>tamen</span> <span class='ocrx_word' id='word_1_82' title='bbox 1095 1051 1221 1117; x_wconf 91' lang='lat' dir='ltr'>quia</span> <span class='ocrx_word' id='word_1_83' title='bbox 1255 1066 1421 1120; x_wconf 89' lang='lat' dir='ltr'>penes</span> <span class='ocrx_word' id='word_1_84' title='bbox 1446 1049 1683 1115; x_wconf 89' lang='lat' dir='ltr'>eosdem,</span> <span class='ocrx_word' id='word_1_85' title='bbox 1710 1049 1754 1101; x_wconf 93' lang='lat' dir='ltr'>si</span> <span class='ocrx_word' id='word_1_86' title='bbox 1793 1049 1982 1101; x_wconf 89' lang='lat' dir='ltr'>advor-</span> 
     </span>
     <span class='ocr_line' id='line_1_13' title="bbox 224 1116 1982 1194; baseline 0.003 -19"><span class='ocrx_word' id='word_1_87' title='bbox 224 1128 233 1131; x_wconf 75' lang='grc'><em>“</em></span> <span class='ocrx_word' id='word_1_88' title='bbox 281 1128 511 1191; x_wconf 88' lang='lat' dir='ltr'>saretur,</span> <span class='ocrx_word' id='word_1_89' title='bbox 535 1136 702 1192; x_wconf 87' lang='lat' dir='ltr'>cogen</span> <span class='ocrx_word' id='word_1_90' title='bbox 749 1126 760 1137; x_wconf 83' lang='lat'><strong>‘</strong></span> <span class='ocrx_word' id='word_1_91' title='bbox 787 1130 1034 1194; x_wconf 88' lang='lat' dir='ltr'>potestas</span> <span class='ocrx_word' id='word_1_92' title='bbox 1059 1131 1193 1189; x_wconf 84' lang='lat' dir='ltr'>erat,</span> <span class='ocrx_word' id='word_1_93' title='bbox 1211 1116 1410 1189; x_wconf 58' lang='lat' dir='ltr'>itafu‘ti&#39;</span> <span class='ocrx_word' id='word_1_94' title='bbox 1432 1129 1760 1178; x_wconf 86' lang='lat' dir='ltr'>censuerant</span> <span class='ocrx_word' id='word_1_95' title='bbox 1789 1124 1982 1194; x_wconf 87' lang='lat' dir='ltr'>Italici,</span> 
     </span>
     <span class='ocr_line' id='line_1_14' title="bbox 285 1199 1983 1270; baseline 0.001 -19"><span class='ocrx_word' id='word_1_96' title='bbox 285 1199 619 1254; x_wconf 88' lang='lat' dir='ltr'>deditionem</span> <span class='ocrx_word' id='word_1_97' title='bbox 643 1201 790 1255; x_wconf 88' lang='lat' dir='ltr'>facit.</span> <span class='ocrx_word' id='word_1_98' title='bbox 859 1202 897 1254; x_wconf 84' lang='lat' dir='ltr'><strong>J</strong></span> <span class='ocrx_word' id='word_1_99' title='bbox 903 1202 1140 1270; x_wconf 86' lang='lat' dir='ltr'>ugurtha</span> <span class='ocrx_word' id='word_1_100' title='bbox 1164 1202 1218 1254; x_wconf 92' lang='lat' dir='ltr'>in</span> <span class='ocrx_word' id='word_1_101' title='bbox 1257 1203 1445 1270; x_wconf 88' lang='lat' dir='ltr'>primis</span> <span class='ocrx_word' id='word_1_102' title='bbox 1479 1201 1854 1254; x_wconf 85' lang='lat' dir='ltr'>Adherbalem</span> <span class='ocrx_word' id='word_1_103' title='bbox 1892 1217 1983 1252; x_wconf 85' lang='lat' dir='ltr'>ex-</span> 
     </span>
     <span class='ocr_line' id='line_1_15' title="bbox 280 1276 1980 1346; baseline -0.001 -17"><span class='ocrx_word' id='word_1_104' title='bbox 280 1278 580 1330; x_wconf 87' lang='lat' dir='ltr'>cruciatum</span> <span class='ocrx_word' id='word_1_105' title='bbox 604 1284 778 1342; x_wconf 85' lang='lat' dir='ltr'>necat,</span> <span class='ocrx_word' id='word_1_106' title='bbox 806 1278 1004 1331; x_wconf 90' lang='lat' dir='ltr'>deinde</span> <span class='ocrx_word' id='word_1_107' title='bbox 1028 1279 1201 1331; x_wconf 89' lang='lat' dir='ltr'>omnis</span> <span class='ocrx_word' id='word_1_108' title='bbox 1237 1278 1475 1346; x_wconf 89' lang='lat' dir='ltr'>puberes</span> <span class='ocrx_word' id='word_1_109' title='bbox 1502 1276 1775 1329; x_wconf 90' lang='lat' dir='ltr'>Numidas</span> <span class='ocrx_word' id='word_1_110' title='bbox 1812 1281 1980 1344; x_wconf 89' lang='lat' dir='ltr'>atque</span> 
     </span>
     <span class='ocr_line' id='line_1_16' title="bbox 280 1352 1982 1422; baseline 0 -18"><span class='ocrx_word' id='word_1_111' title='bbox 280 1354 648 1421; x_wconf 85' lang='lat' dir='ltr'>negotiatores</span> <span class='ocrx_word' id='word_1_112' title='bbox 671 1356 991 1421; x_wconf 86' lang='lat' dir='ltr'>promiscue,</span> <span class='ocrx_word' id='word_1_113' title='bbox 1017 1355 1100 1407; x_wconf 90' lang='lat' dir='ltr'>uti</span> <span class='ocrx_word' id='word_1_114' title='bbox 1134 1355 1366 1422; x_wconf 90' lang='lat' dir='ltr'>quisque</span> <span class='ocrx_word' id='word_1_115' title='bbox 1393 1354 1620 1406; x_wconf 88' lang='lat' dir='ltr'>armatis</span> <span class='ocrx_word' id='word_1_116' title='bbox 1645 1352 1835 1406; x_wconf 90' lang='lat' dir='ltr'>obvius</span> <span class='ocrx_word' id='word_1_117' title='bbox 1868 1355 1982 1404; x_wconf 90' lang='lat' dir='ltr'>fue-</span> 
     </span>
     <span class='ocr_line' id='line_1_17' title="bbox 279 1430 681 1494; baseline 0.002 -12"><span class='ocrx_word' id='word_1_118' title='bbox 279 1435 385 1494; x_wconf 82' lang='lat' dir='ltr'>rat,</span> <span class='ocrx_word' id='word_1_119' title='bbox 410 1430 681 1483; x_wconf 88' lang='lat' dir='ltr'>interficit.</span> 
     </span>
    </p>

    <p class='ocr_par' dir='ltr' id='par_1_4' title="bbox 280 1506 1981 1651">
     <span class='ocr_line' id='line_1_18' title="bbox 387 1506 1980 1575; baseline 0.001 -18"><span class='ocrx_word' id='word_1_120' title='bbox 387 1510 467 1561; x_wconf 83' lang='lat'>27.</span> <span class='ocrx_word' id='word_1_121' title='bbox 541 1506 698 1568; x_wconf 83' lang='lat' dir='ltr'>Quod</span> <span class='ocrx_word' id='word_1_122' title='bbox 724 1510 1012 1575; x_wconf 89' lang='lat' dir='ltr'>postquam</span> <span class='ocrx_word' id='word_1_123' title='bbox 1042 1506 1249 1558; x_wconf 87' lang='lat' dir='ltr'>Romae</span> <span class='ocrx_word' id='word_1_124' title='bbox 1276 1506 1553 1571; x_wconf 71' lang='lat' dir='ltr'>cognitum</span> <span class='ocrx_word' id='word_1_125' title='bbox 1580 1508 1679 1571; x_wconf 87' lang='lat' dir='ltr'>est,</span> <span class='ocrx_word' id='word_1_126' title='bbox 1708 1509 1765 1558; x_wconf 90' lang='lat' dir='ltr'>et</span> <span class='ocrx_word' id='word_1_127' title='bbox 1802 1523 1889 1558; x_wconf 91' lang='lat' dir='ltr'>res</span> <span class='ocrx_word' id='word_1_128' title='bbox 1925 1506 1980 1558; x_wconf 92' lang='lat' dir='ltr'>in</span> 
     </span>
     <span class='ocr_line' id='line_1_19' title="bbox 280 1581 1981 1651; baseline 0 -17"><span class='ocrx_word' id='word_1_129' title='bbox 280 1585 475 1634; x_wconf 88' lang='lat' dir='ltr'>senatu</span> <span class='ocrx_word' id='word_1_130' title='bbox 500 1583 695 1649; x_wconf 89' lang='lat' dir='ltr'>agitari</span> <span class='ocrx_word' id='word_1_131' title='bbox 721 1588 932 1651; x_wconf 88' lang='lat' dir='ltr'>coepta,</span> <span class='ocrx_word' id='word_1_132' title='bbox 958 1582 1127 1634; x_wconf 90' lang='lat' dir='ltr'>iidem</span> <span class='ocrx_word' id='word_1_133' title='bbox 1164 1582 1243 1634; x_wconf 88' lang='lat' dir='ltr'>illi</span> <span class='ocrx_word' id='word_1_134' title='bbox 1273 1582 1507 1634; x_wconf 89' lang='lat' dir='ltr'>ministri</span> <span class='ocrx_word' id='word_1_135' title='bbox 1543 1581 1690 1648; x_wconf 89' lang='lat' dir='ltr'>regis</span> <span class='ocrx_word' id='word_1_136' title='bbox 1725 1583 1981 1649; x_wconf 90' lang='lat' dir='ltr'>interpel-</span> 
     </span>
    </p>
   </div>
   <div class='ocr_carea' id='block_1_3' title="bbox 278 1656 2010 1801">
    <p class='ocr_par' dir='ltr' id='par_1_5' title="bbox 278 1656 2066 1801">
     <span class='ocr_line' id='line_1_20' title="bbox 278 1656 1979 1738; baseline -0.003 -27"><span class='ocrx_word' id='word_1_137' title='bbox 278 1657 443 1711; x_wconf 86' lang='lat' dir='ltr'>lando</span> <span class='ocrx_word' id='word_1_138' title='bbox 469 1675 531 1710; x_wconf 84' lang='lat' dir='ltr'>ac</span> <span class='ocrx_word' id='word_1_139' title='bbox 558 1675 720 1726; x_wconf 85' lang='lat' dir='ltr'>saepe</span> <span class='ocrx_word' id='word_1_140' title='bbox 738 1659 931 1725; x_wconf 87' lang='lat' dir='ltr'>gratia,</span> <span class='ocrx_word' id='word_1_141' title='bbox 947 1657 1226 1711; x_wconf 88' lang='lat' dir='ltr'>interdum</span> <span class='ocrx_word' id='word_1_142' title='bbox 1241 1656 1442 1738; x_wconf 51' lang='lat' dir='ltr'>Jsslffgfis</span> <span class='ocrx_word' id='word_1_143' title='bbox 1458 1657 1728 1711; x_wconf 87' lang='lat' dir='ltr'>trahendo</span> <span class='ocrx_word' id='word_1_144' title='bbox 1747 1661 1979 1726; x_wconf 76' lang='lat' dir='ltr'>tempus,</span> 
     </span>
     <span class='ocr_line' id='line_1_21' title="bbox 278 1733 2010 1801; baseline -0.001 -13"><span class='ocrx_word' id='word_1_145' title='bbox 278 1734 624 1788; x_wconf 86' lang='lat' dir='ltr'>atrocitatem</span> <span class='ocrx_word' id='word_1_146' title='bbox 660 1734 790 1788; x_wconf 85' lang='lat' dir='ltr'>facti</span> <span class='ocrx_word' id='word_1_147' title='bbox 827 1733 1116 1789; x_wconf 89' lang='lat' dir='ltr'>leniebant.</span> <span class='ocrx_word' id='word_1_148' title='bbox 1191 1735 1275 1788; x_wconf 86' lang='lat' dir='ltr'>Ac</span> <span class='ocrx_word' id='word_1_149' title='bbox 1308 1735 1447 1788; x_wconf 63' lang='lat' dir='ltr'>nTC.</span> <span class='ocrx_word' id='word_1_150' title='bbox 1476 1734 1783 1801; x_wconf 88' lang='lat' dir='ltr'>Memmius,</span> <span class='ocrx_word' id='word_1_151' title='bbox 1809 1734 2010 1787; x_wconf 83' lang='lat' dir='ltr'>tribu-&#39;</span> 
     </span>
    </p>
   </div>
   <div class='ocr_carea' id='block_1_4' title="bbox 278 1810 1988 3330">
    <p class='ocr_par' dir='ltr' id='par_1_6' title="bbox 278 1810 1984 2706">
     <span class='ocr_line' id='line_1_22' title="bbox 279 1810 1981 1880; baseline 0 -17"><span class='ocrx_word' id='word_1_152' title='bbox 279 1828 381 1864; x_wconf 90' lang='lat' dir='ltr'>nus</span> <span class='ocrx_word' id='word_1_153' title='bbox 405 1810 582 1880; x_wconf 85' lang='lat' dir='ltr'>plebis</span> <span class='ocrx_word' id='word_1_154' title='bbox 607 1811 939 1878; x_wconf 76' lang='lat' dir='ltr'>designatuS,</span> <span class='ocrx_word' id='word_1_155' title='bbox 966 1812 1048 1864; x_wconf 85' lang='lat' dir='ltr'>vir</span> <span class='ocrx_word' id='word_1_156' title='bbox 1071 1828 1199 1864; x_wconf 89' lang='lat' dir='ltr'>acer</span> <span class='ocrx_word' id='word_1_157' title='bbox 1222 1814 1280 1864; x_wconf 87' lang='lat' dir='ltr'>et</span> <span class='ocrx_word' id='word_1_158' title='bbox 1316 1810 1548 1864; x_wconf 87' lang='lat' dir='ltr'>infestus</span> <span class='ocrx_word' id='word_1_159' title='bbox 1585 1812 1864 1879; x_wconf 89' lang='lat' dir='ltr'>potentiae</span> <span class='ocrx_word' id='word_1_160' title='bbox 1888 1827 1981 1863; x_wconf 89' lang='lat' dir='ltr'>no-</span> 
     </span>
     <span class='ocr_line' id='line_1_23' title="bbox 278 1886 1981 1957; baseline -0.001 -17"><span class='ocrx_word' id='word_1_161' title='bbox 278 1886 526 1953; x_wconf 88' lang='lat' dir='ltr'>bilitatis,</span> <span class='ocrx_word' id='word_1_162' title='bbox 564 1888 823 1957; x_wconf 88' lang='lat' dir='ltr'>populum</span> <span class='ocrx_word' id='word_1_163' title='bbox 865 1888 1169 1940; x_wconf 88' lang='lat' dir='ltr'>Romanum</span> <span class='ocrx_word' id='word_1_164' title='bbox 1207 1887 1532 1953; x_wconf 90' lang='lat' dir='ltr'>edocuisset,</span> <span class='ocrx_word' id='word_1_165' title='bbox 1569 1888 1623 1940; x_wconf 93' lang='lat' dir='ltr'>id</span> <span class='ocrx_word' id='word_1_166' title='bbox 1660 1888 1747 1954; x_wconf 87' lang='lat' dir='ltr'>agi</span> <span class='ocrx_word' id='word_1_167' title='bbox 1784 1891 1846 1939; x_wconf 91' lang='lat' dir='ltr'>ut</span> <span class='ocrx_word' id='word_1_168' title='bbox 1881 1904 1981 1956; x_wconf 90' lang='lat' dir='ltr'>per</span> 
     </span>
     <span class='ocr_line' id='line_1_24' title="bbox 279 1963 1981 2032; baseline -0.001 -15"><span class='ocrx_word' id='word_1_169' title='bbox 279 1980 480 2032; x_wconf 86' lang='lat' dir='ltr'>paucos</span> <span class='ocrx_word' id='word_1_170' title='bbox 504 1965 759 2018; x_wconf 86' lang='lat' dir='ltr'>factiosos</span> <span class='ocrx_word' id='word_1_171' title='bbox 774 1964 812 2016; x_wconf 84' lang='lat' dir='ltr'><strong>J</strong></span> <span class='ocrx_word' id='word_1_172' title='bbox 817 1963 1085 2031; x_wconf 85' lang='lat' dir='ltr'>ugurthae</span> <span class='ocrx_word' id='word_1_173' title='bbox 1111 1964 1285 2017; x_wconf 90' lang='lat' dir='ltr'>scelus</span> <span class='ocrx_word' id='word_1_174' title='bbox 1305 1963 1720 2030; x_wconf 85' lang='lat' dir='ltr'>condonaretur,</span> <span class='ocrx_word' id='word_1_175' title='bbox 1734 1964 1981 2032; x_wconf 88' lang='lat' dir='ltr'>profecto</span> 
     </span>
     <span class='ocr_line' id='line_1_25' title="bbox 279 2035 1981 2112; baseline -0.001 -19"><span class='ocrx_word' id='word_1_176' title='bbox 279 2040 453 2093; x_wconf 89' lang='lat' dir='ltr'>omnis</span> <span class='ocrx_word' id='word_1_177' title='bbox 478 2035 1557 2112; x_wconf 54' lang='lat' dir='ltr'>invidia‘prolatandisconsultationibusg</span> <span class='ocrx_word' id='word_1_178' title='bbox 1574 2040 1784 2107; x_wconf 89' lang='lat' dir='ltr'>dilapsa</span> <span class='ocrx_word' id='word_1_179' title='bbox 1808 2041 1981 2101; x_wconf 81' lang='lat' dir='ltr'>foret3</span> 
     </span>
     <span class='ocr_line' id='line_1_26' title="bbox 279 2115 1982 2185; baseline -0.002 -15"><span class='ocrx_word' id='word_1_180' title='bbox 279 2120 438 2170; x_wconf 87' lang='lat' dir='ltr'>tanta</span> <span class='ocrx_word' id='word_1_181' title='bbox 476 2118 557 2170; x_wconf 85' lang='lat' dir='ltr'>vis</span> <span class='ocrx_word' id='word_1_182' title='bbox 593 2117 807 2183; x_wconf 88' lang='lat' dir='ltr'>gratiae</span> <span class='ocrx_word' id='word_1_183' title='bbox 846 2121 1012 2185; x_wconf 88' lang='lat' dir='ltr'>atque</span> <span class='ocrx_word' id='word_1_184' title='bbox 1054 2116 1316 2184; x_wconf 87' lang='lat' dir='ltr'>pecuniae</span> <span class='ocrx_word' id='word_1_185' title='bbox 1360 2117 1502 2183; x_wconf 84' lang='lat' dir='ltr'>regis</span> <span class='ocrx_word' id='word_1_186' title='bbox 1541 2120 1676 2168; x_wconf 88' lang='lat' dir='ltr'>erat.</span> <span class='ocrx_word' id='word_1_187' title='bbox 1748 2116 1857 2168; x_wconf 82' lang='lat' dir='ltr'>Sed</span> <span class='ocrx_word' id='word_1_188' title='bbox 1891 2115 1982 2167; x_wconf 92' lang='lat' dir='ltr'>ubi</span> 
     </span>
     <span class='ocr_line' id='line_1_27' title="bbox 281 2191 1984 2264; baseline -0.001 -18"><span class='ocrx_word' id='word_1_189' title='bbox 281 2197 503 2247; x_wconf 88' lang='lat' dir='ltr'>senatus</span> <span class='ocrx_word' id='word_1_190' title='bbox 549 2194 734 2264; x_wconf 82' lang='lat' dir='ltr'>delicti</span> <span class='ocrx_word' id='word_1_191' title='bbox 783 2193 1113 2246; x_wconf 88' lang='lat' dir='ltr'>conscientia</span> <span class='ocrx_word' id='word_1_192' title='bbox 1157 2192 1418 2260; x_wconf 89' lang='lat' dir='ltr'>populum</span> <span class='ocrx_word' id='word_1_193' title='bbox 1466 2192 1640 2258; x_wconf 88' lang='lat' dir='ltr'>timet,</span> <span class='ocrx_word' id='word_1_194' title='bbox 1677 2191 1800 2259; x_wconf 91' lang='lat' dir='ltr'>lege</span> <span class='ocrx_word' id='word_1_195' title='bbox 1837 2192 1984 2245; x_wconf 80' lang='lat' dir='ltr'>Sem-</span> 
     </span>
     <span class='ocr_line' id='line_1_28' title="bbox 279 2267 1984 2339; baseline -0.001 -17"><span class='ocrx_word' id='word_1_196' title='bbox 279 2271 470 2339; x_wconf 87' lang='lat' dir='ltr'>pronia</span> <span class='ocrx_word' id='word_1_197' title='bbox 495 2269 800 2338; x_wconf 83' lang='lat' dir='ltr'>provinciae</span> <span class='ocrx_word' id='word_1_198' title='bbox 815 2269 1013 2322; x_wconf 86' lang='lat' dir='ltr'>futuris</span> <span class='ocrx_word' id='word_1_199' title='bbox 1033 2267 1341 2321; x_wconf 87' lang='lat' dir='ltr'>consulibus</span> <span class='ocrx_word' id='word_1_200' title='bbox 1360 2267 1618 2321; x_wconf 86' lang='lat' dir='ltr'>Numidia</span> <span class='ocrx_word' id='word_1_201' title='bbox 1633 2271 1800 2336; x_wconf 86' lang='lat' dir='ltr'>atque</span> <span class='ocrx_word' id='word_1_202' title='bbox 1820 2268 1984 2321; x_wconf 85' lang='lat' dir='ltr'>Italia</span> 
     </span>
     <span class='ocr_line' id='line_1_29' title="bbox 281 2344 1984 2412; baseline -0.002 -13"><span class='ocrx_word' id='word_1_203' title='bbox 281 2346 567 2410; x_wconf 85' lang='lat' dir='ltr'>decretae3</span> <span class='ocrx_word' id='word_1_204' title='bbox 603 2345 851 2399; x_wconf 88' lang='lat' dir='ltr'>consules</span> <span class='ocrx_word' id='word_1_205' title='bbox 875 2345 1137 2397; x_wconf 86' lang='lat' dir='ltr'>declarati</span> <span class='ocrx_word' id='word_1_206' title='bbox 1173 2345 1232 2397; x_wconf 93' lang='lat' dir='ltr'>P.</span> <span class='ocrx_word' id='word_1_207' title='bbox 1260 2344 1438 2412; x_wconf 86' lang='lat' dir='ltr'>Scipio</span> <span class='ocrx_word' id='word_1_208' title='bbox 1465 2344 1678 2409; x_wconf 86' lang='lat' dir='ltr'>Nasica,</span> <span class='ocrx_word' id='word_1_209' title='bbox 1706 2344 1764 2396; x_wconf 87' lang='lat' dir='ltr'>L.</span> <span class='ocrx_word' id='word_1_210' title='bbox 1797 2345 1984 2397; x_wconf 78' lang='lat' dir='ltr'>Bestia</span> 
     </span>
     <span class='ocr_line' id='line_1_30' title="bbox 283 2420 1983 2491; baseline -0.001 -17"><span class='ocrx_word' id='word_1_211' title='bbox 283 2422 643 2491; x_wconf 78' lang='lat' dir='ltr'>Calpurnius3</span> <span class='ocrx_word' id='word_1_212' title='bbox 680 2422 970 2489; x_wconf 85' lang='lat' dir='ltr'>Calpurnio</span> <span class='ocrx_word' id='word_1_213' title='bbox 1007 2420 1281 2486; x_wconf 88' lang='lat' dir='ltr'>Numidia,</span> <span class='ocrx_word' id='word_1_214' title='bbox 1320 2420 1558 2489; x_wconf 83' lang='lat' dir='ltr'>Scipioni</span> <span class='ocrx_word' id='word_1_215' title='bbox 1610 2420 1773 2473; x_wconf 87' lang='lat' dir='ltr'>Italia</span> <span class='ocrx_word' id='word_1_216' title='bbox 1822 2420 1983 2473; x_wconf 87' lang='lat' dir='ltr'>obve-</span> 
     </span>
     <span class='ocr_line' id='line_1_31' title="bbox 281 2496 1984 2565; baseline -0.002 -14"><span class='ocrx_word' id='word_1_217' title='bbox 281 2500 395 2562; x_wconf 90' lang='lat' dir='ltr'>nit;</span> <span class='ocrx_word' id='word_1_218' title='bbox 431 2498 632 2552; x_wconf 86' lang='lat' dir='ltr'>deinde</span> <span class='ocrx_word' id='word_1_219' title='bbox 664 2499 936 2551; x_wconf 87' lang='lat' dir='ltr'>exercitus</span> <span class='ocrx_word' id='word_1_220' title='bbox 976 2498 1071 2565; x_wconf 86' lang='lat' dir='ltr'>qui</span> <span class='ocrx_word' id='word_1_221' title='bbox 1110 2497 1166 2550; x_wconf 89' lang='lat' dir='ltr'>in</span> <span class='ocrx_word' id='word_1_222' title='bbox 1211 2496 1457 2549; x_wconf 84' lang='lat' dir='ltr'>Africam</span> <span class='ocrx_word' id='word_1_223' title='bbox 1497 2501 1816 2564; x_wconf 81' lang='lat' dir='ltr'>portaretur</span> <span class='ocrx_word' id='word_1_224' title='bbox 1854 2497 1984 2549; x_wconf 87' lang='lat' dir='ltr'>scri-</span> 
     </span>
     <span class='ocr_line' id='line_1_32' title="bbox 282 2573 1984 2643; baseline -0.004 -12"><span class='ocrx_word' id='word_1_225' title='bbox 282 2576 463 2640; x_wconf 82' lang='lat' dir='ltr'>bitur3</span> <span class='ocrx_word' id='word_1_226' title='bbox 499 2574 835 2643; x_wconf 84' lang='lat' dir='ltr'>stipendium</span> <span class='ocrx_word' id='word_1_227' title='bbox 861 2574 1073 2641; x_wconf 89' lang='lat' dir='ltr'>aliaque</span> <span class='ocrx_word' id='word_1_228' title='bbox 1103 2589 1244 2642; x_wconf 88' lang='lat' dir='ltr'>quae</span> <span class='ocrx_word' id='word_1_229' title='bbox 1269 2573 1415 2626; x_wconf 89' lang='lat' dir='ltr'>bello</span> <span class='ocrx_word' id='word_1_230' title='bbox 1440 2573 1561 2625; x_wconf 90' lang='lat' dir='ltr'>usui</span> <span class='ocrx_word' id='word_1_231' title='bbox 1594 2574 1773 2626; x_wconf 87' lang='lat' dir='ltr'>forent</span> <span class='ocrx_word' id='word_1_232' title='bbox 1798 2573 1984 2626; x_wconf 87' lang='lat' dir='ltr'>decer-</span> 
     </span>
     <span class='ocr_line' id='line_1_33' title="bbox 281 2669 497 2706; baseline -0.005 0"><span class='ocrx_word' id='word_1_233' title='bbox 281 2669 318 2706; x_wconf 87' lang='lat' dir='ltr'>n</span> <span class='ocrx_word' id='word_1_234' title='bbox 419 2669 497 2706; x_wconf 85' lang='lat' dir='ltr'>ur.</span> 
     </span>
    </p>

    <p class='ocr_par' dir='ltr' id='par_1_7' title="bbox 281 2726 1988 3330">
     <span class='ocr_line' id='line_1_34' title="bbox 360 2726 1984 2795; baseline -0.004 -12"><span class='ocrx_word' id='word_1_235' title='bbox 360 2745 365 2768; x_wconf 44' lang='lat' dir='ltr'>i</span> <span class='ocrx_word' id='word_1_236' title='bbox 389 2736 469 2783; x_wconf 79' lang='grc'>28.</span> <span class='ocrx_word' id='word_1_237' title='bbox 510 2732 589 2781; x_wconf 87' lang='lat' dir='ltr'>At</span> <span class='ocrx_word' id='word_1_238' title='bbox 613 2728 651 2780; x_wconf 86' lang='lat' dir='ltr'>J</span> <span class='ocrx_word' id='word_1_239' title='bbox 656 2727 899 2795; x_wconf 87' lang='lat' dir='ltr'>ugurtha</span> <span class='ocrx_word' id='word_1_240' title='bbox 922 2729 1111 2779; x_wconf 88' lang='lat' dir='ltr'>contra</span> <span class='ocrx_word' id='word_1_241' title='bbox 1137 2742 1289 2793; x_wconf 88' lang='lat' dir='ltr'>spem</span> <span class='ocrx_word' id='word_1_242' title='bbox 1315 2726 1506 2778; x_wconf 89' lang='lat' dir='ltr'>nuntio</span> <span class='ocrx_word' id='word_1_243' title='bbox 1522 2728 1763 2794; x_wconf 77' lang='lat' dir='ltr'>accepto,</span> <span class='ocrx_word' id='word_1_244' title='bbox 1783 2726 1984 2793; x_wconf 83' lang='lat' dir='ltr'>quippe</span> 
     </span>
     <span class='ocr_line' id='line_1_35' title="bbox 284 2801 1982 2867; baseline -0.004 -8"><span class='ocrx_word' id='word_1_245' title='bbox 284 2807 372 2861; x_wconf 90' lang='lat' dir='ltr'>cui</span> <span class='ocrx_word' id='word_1_246' title='bbox 401 2806 607 2858; x_wconf 80' lang='lat' dir='ltr'>Romae</span> <span class='ocrx_word' id='word_1_247' title='bbox 644 2804 824 2856; x_wconf 84' lang='lat' dir='ltr'>omnia</span> <span class='ocrx_word' id='word_1_248' title='bbox 849 2819 1045 2855; x_wconf 58' lang='lat' dir='ltr'>v-num</span> <span class='ocrx_word' id='word_1_249' title='bbox 1083 2802 1164 2853; x_wconf 88' lang='lat' dir='ltr'>ire</span> <span class='ocrx_word' id='word_1_250' title='bbox 1201 2802 1255 2852; x_wconf 88' lang='lat' dir='ltr'>in</span> <span class='ocrx_word' id='word_1_251' title='bbox 1292 2801 1472 2853; x_wconf 88' lang='lat' dir='ltr'>animo</span> <span class='ocrx_word' id='word_1_252' title='bbox 1507 2801 1775 2867; x_wconf 87' lang='lat' dir='ltr'>haeserat,</span> <span class='ocrx_word' id='word_1_253' title='bbox 1812 2801 1982 2853; x_wconf 88' lang='lat' dir='ltr'>filium</span> 
     </span>
     <span class='ocr_line' id='line_1_36' title="bbox 284 2876 1982 2944; baseline -0.004 -7"><span class='ocrx_word' id='word_1_254' title='bbox 284 2888 344 2937; x_wconf 88' lang='lat' dir='ltr'>et</span> <span class='ocrx_word' id='word_1_255' title='bbox 378 2900 501 2936; x_wconf 80' lang='lat' dir='ltr'>cuin</span> <span class='ocrx_word' id='word_1_256' title='bbox 539 2898 603 2935; x_wconf 93' lang='lat' dir='ltr'>eo</span> <span class='ocrx_word' id='word_1_257' title='bbox 641 2881 777 2933; x_wconf 85' lang='lat' dir='ltr'>duos</span> <span class='ocrx_word' id='word_1_258' title='bbox 816 2878 1097 2932; x_wconf 81' lang='lat' dir='ltr'>familiaris</span> <span class='ocrx_word' id='word_1_259' title='bbox 1133 2876 1206 2929; x_wconf 85' lang='lat' dir='ltr'>ad</span> <span class='ocrx_word' id='word_1_260' title='bbox 1252 2883 1499 2929; x_wconf 87' lang='lat' dir='ltr'>senatum</span> <span class='ocrx_word' id='word_1_261' title='bbox 1547 2876 1757 2944; x_wconf 89' lang='lat' dir='ltr'>legatos</span> <span class='ocrx_word' id='word_1_262' title='bbox 1793 2876 1982 2943; x_wconf 85' lang='lat' dir='ltr'>mittit,</span> 
     </span>
     <span class='ocr_line' id='line_1_37' title="bbox 281 2953 1986 3027; baseline -0.005 -14"><span class='ocrx_word' id='word_1_263' title='bbox 281 2960 480 3027; x_wconf 85' lang='lat' dir='ltr'>hisque</span> <span class='ocrx_word' id='word_1_264' title='bbox 504 2963 566 3012; x_wconf 83' lang='lat' dir='ltr'>ut</span> <span class='ocrx_word' id='word_1_265' title='bbox 602 2958 720 3021; x_wconf 91' lang='lat' dir='ltr'>illis,</span> <span class='ocrx_word' id='word_1_266' title='bbox 749 2972 883 3025; x_wconf 87' lang='lat' dir='ltr'>quos</span> <span class='ocrx_word' id='word_1_267' title='bbox 914 2953 1232 3020; x_wconf 79' lang='lat' dir='ltr'>Hiempsale</span> <span class='ocrx_word' id='word_1_268' title='bbox 1262 2953 1550 3005; x_wconf 84' lang='lat' dir='ltr'>interfecto</span> <span class='ocrx_word' id='word_1_269' title='bbox 1575 2953 1811 3017; x_wconf 85' lang='lat' dir='ltr'>miserat,</span> <span class='ocrx_word' id='word_1_270' title='bbox 1834 2968 1986 3019; x_wconf 89' lang='lat' dir='ltr'>prae-</span> 
     </span>
     <span class='ocr_line' id='line_1_38' title="bbox 282 3028 1986 3103; baseline -0.005 -13"><span class='ocrx_word' id='word_1_271' title='bbox 282 3036 420 3103; x_wconf 87' lang='lat' dir='ltr'>cipit</span> <span class='ocrx_word' id='word_1_272' title='bbox 456 3035 628 3087; x_wconf 87' lang='lat' dir='ltr'>onmis</span> <span class='ocrx_word' id='word_1_273' title='bbox 668 3031 913 3084; x_wconf 84' lang='lat' dir='ltr'>mortalis</span> <span class='ocrx_word' id='word_1_274' title='bbox 955 3030 1186 3099; x_wconf 89' lang='lat' dir='ltr'>pecunia</span> <span class='ocrx_word' id='word_1_275' title='bbox 1224 3028 1624 3096; x_wconf 81' lang='lat' dir='ltr'>aggrediantur.</span> <span class='ocrx_word' id='word_1_276' title='bbox 1699 3029 1801 3092; x_wconf 83' lang='lat' dir='ltr'>Qui</span> <span class='ocrx_word' id='word_1_277' title='bbox 1838 3033 1986 3096; x_wconf 89' lang='lat' dir='ltr'>post-</span> 
     </span>
     <span class='ocr_line' id='line_1_39' title="bbox 284 3105 1987 3182; baseline -0.004 -18"><span class='ocrx_word' id='word_1_278' title='bbox 284 3129 449 3182; x_wconf 90' lang='lat' dir='ltr'>quam</span> <span class='ocrx_word' id='word_1_279' title='bbox 491 3110 718 3163; x_wconf 79' lang='lat' dir='ltr'>Romam</span> <span class='ocrx_word' id='word_1_280' title='bbox 755 3106 1141 3171; x_wconf 84' lang='lat' dir='ltr'>adventabant,</span> <span class='ocrx_word' id='word_1_281' title='bbox 1167 3108 1391 3158; x_wconf 88' lang='lat' dir='ltr'>senatus</span> <span class='ocrx_word' id='word_1_282' title='bbox 1415 3121 1449 3157; x_wconf 88' lang='lat' dir='ltr'>a</span> <span class='ocrx_word' id='word_1_283' title='bbox 1485 3105 1674 3158; x_wconf 90' lang='lat' dir='ltr'>Bestia</span> <span class='ocrx_word' id='word_1_284' title='bbox 1709 3106 1987 3159; x_wconf 89' lang='lat' dir='ltr'>consultus</span> 
     </span>
     <span class='ocr_line' id='line_1_40' title="bbox 282 3180 1988 3256; baseline -0.006 -14"><span class='ocrx_word' id='word_1_285' title='bbox 282 3193 387 3254; x_wconf 89' lang='lat' dir='ltr'>est,</span> <span class='ocrx_word' id='word_1_286' title='bbox 413 3188 722 3256; x_wconf 86' lang='lat' dir='ltr'>placeretne</span> <span class='ocrx_word' id='word_1_287' title='bbox 747 3185 956 3251; x_wconf 83' lang='lat' dir='ltr'>legatos</span> <span class='ocrx_word' id='word_1_288' title='bbox 975 3183 1012 3234; x_wconf 85' lang='lat' dir='ltr'>J</span> <span class='ocrx_word' id='word_1_289' title='bbox 1018 3181 1285 3250; x_wconf 86' lang='lat' dir='ltr'>ugurthae</span> <span class='ocrx_word' id='word_1_290' title='bbox 1314 3181 1479 3248; x_wconf 87' lang='lat' dir='ltr'>recipi</span> <span class='ocrx_word' id='word_1_291' title='bbox 1505 3180 1816 3244; x_wconf 84' lang='lat' dir='ltr'>moenibus3</span> <span class='ocrx_word' id='word_1_292' title='bbox 1842 3182 1988 3247; x_wconf 90' lang='lat' dir='ltr'>iique</span> 
     </span>
     <span class='ocr_line' id='line_1_41' title="bbox 284 3257 1987 3330; baseline -0.008 -11"><span class='ocrx_word' id='word_1_293' title='bbox 284 3265 597 3329; x_wconf 81' lang='lat' dir='ltr'>decrevere,</span> <span class='ocrx_word' id='word_1_294' title='bbox 623 3262 724 3315; x_wconf 89' lang='lat' dir='ltr'>nisi</span> <span class='ocrx_word' id='word_1_295' title='bbox 758 3276 986 3330; x_wconf 86' lang='lat' dir='ltr'>regnum</span> <span class='ocrx_word' id='word_1_296' title='bbox 1011 3257 1299 3330; x_wconf 86' lang='lat' dir='ltr'>ipsumque</span> <span class='ocrx_word' id='word_1_297' title='bbox 1335 3257 1586 3310; x_wconf 88' lang='lat' dir='ltr'>deditum</span> <span class='ocrx_word' id='word_1_298' title='bbox 1613 3257 1900 3322; x_wconf 86' lang='lat' dir='ltr'>venissent,</span> <span class='ocrx_word' id='word_1_299' title='bbox 1924 3258 1987 3307; x_wconf 89' lang='lat' dir='ltr'>ut</span> 
     </span>
    </p>
   </div>
   <div class='ocr_carea' id='block_1_5' title="bbox 2129 2912 2159 3014">
    <p class='ocr_par' dir='ltr' id='par_1_8' title="bbox 2129 2912 2159 3014">
     <span class='ocr_line' id='line_1_42' title="bbox 2129 2912 2159 3014; textangle 90"><span class='ocrx_word' id='word_1_300' title='bbox 2153 2991 2159 3014; x_wconf 58' lang='lat'>-„</span> <span class='ocrx_word' id='word_1_301' title='bbox 2129 2912 2159 2952; x_wconf 58' lang='lat'>*—</span> 
     </span>
    </p>
   </div>
  </div>
 </body>
</html>
