2269 3561
262 182 323 230 62
752 181 809 229 C.
848 181 931 228 SA
943 180 1198 228 LLUSTI
1235 179 1470 227 CRISPI

261 262 449 329 mittit,
490 264 700 316 veritus
740 280 810 315 ne
852 262 1093 329 reliquos
1139 261 1417 330 popularis
1457 263 1640 313 metus
1681 260 1966 314 invaderet

256 337 486 406 parendi
524 338 638 404 sibi,
673 339 718 392 si
755 339 826 391 de
861 339 952 391 illo
987 338 1314 406 supplicium
1351 341 1631 406 sumptum
1663 338 1820 391 foret.
1894 338 1968 391 Et

256 415 374 481 ipse
406 414 594 482 paucis
627 415 822 469 diebus
853 414 1093 484 [eodem]
1128 416 1409 484 profectus
1446 418 1532 468 est
1559 414 1747 482 jussus
1778 415 1848 467 ab
1882 432 1966 468 se-

256 494 391 543 natu
436 492 599 544 Italia
641 492 924 545 decedere.
1000 492 1110 544 Sed
1159 496 1450 561 postquam
1496 492 1670 544 Roma
1711 508 1963 559 egressus

256 571 357 635 est,
385 568 565 621 fertur
590 585 751 636 saepe
778 585 843 621 eo
875 569 1077 622 tacitns
1111 568 1408 636 respiciens
1440 571 1720 637 postremo
1745 568 1962 635 dixisse,

256 644 514 697 “Urbem
556 645 803 697 venalem
847 648 906 697 et
948 650 1163 697 mature
1204 644 1524 712 perituram,
1567 644 1612 696 si
1654 648 1961 712 emptorem

254 720 570 775 invenerit.’'

358 803 437 850 36.
513 797 743 851 Interim
790 798 1027 852 Albinus
1076 800 1338 851 renovato
1385 797 1530 851 bello
1579 801 1958 864 commeatum,

155 927 160 932 ,
254 873 588 942 stipendium
618 874 849 941 aliaque,
875 891 1016 941 quae
1048 874 1313 928 militibus
1340 875 1462 927 usui
1495 875 1688 938 forent,
1717 877 1961 928 maturat

252 950 306 1001 in
350 950 595 1003 Africam
632 956 883 1018 portare;
924 968 987 1005 ac
1024 951 1212 1004 statim
1249 950 1367 1019 ipse
1404 951 1695 1019 profectus,
1730 954 1794 1003 ut
1830 956 1962 1004 ante

190 1057 199 1067 ι
250 1026 483 1094 comitia,
509 1027 657 1094 quod
690 1030 905 1095 tempus
938 1026 1086 1080 haud
1119 1028 1278 1094 longe
1311 1028 1517 1093 aberat,
1544 1027 1710 1079 armis
1743 1030 1839 1079 aut
1869 1027 1962 1080 dc-

251 1101 460 1155 ditione
494 1106 591 1155 aut
623 1103 813 1171 quovis
850 1104 1013 1156 modo
1045 1103 1249 1155 bellum
1285 1104 1590 1156 conficeret.
1662 1104 1743 1156 At
1771 1107 1962 1157 contra

250 1178 288 1230 J
292 1178 533 1245 ugurtha
576 1181 796 1232 trahere
835 1180 1028 1246 omnia,
1068 1183 1126 1232 et
1167 1179 1317 1246 alias,
1356 1178 1557 1231 deinde
1599 1178 1732 1231 alias
1773 1195 1961 1233 morae

250 1270 468 1308 caussas
507 1256 700 1322 facere,
741 1256 983 1324 polliceri
1026 1255 1364 1308 deditionem
1405 1272 1467 1308 ac
1508 1254 1709 1307 deinde
1748 1259 1960 1308 metum

251 1332 521 1399 simulare,
559 1332 757 1385 cedere
791 1333 1019 1385 instanti
1056 1336 1113 1384 et
1151 1332 1314 1399 paulo
1349 1336 1489 1399 post,
1528 1347 1596 1383 ne
1633 1331 1715 1383 sui
1753 1331 1961 1384 diffide-

248 1412 387 1470 rent,
414 1409 648 1473 instare3
683 1408 764 1460 ita
786 1407 915 1460 belli
939 1408 1116 1472 mod0,
1145 1407 1307 1459 modo
1331 1407 1480 1475 pacis
1504 1422 1656 1459 mora
1680 1407 1959 1460 consulem

249 1484 544 1537 ludificare.
619 1487 704 1537 Ac
742 1484 898 1536 fuere
938 1484 1029 1552 qui
1070 1488 1187 1536 tum
1225 1483 1487 1536 Albinum
1523 1483 1671 1535 haud
1706 1484 1959 1550 ignarum

250 1560 433 1612 consili
470 1560 617 1626 regis
654 1559 1064 1625 existumarent,
1091 1576 1269 1627 neque
1306 1577 1373 1612 ex
1410 1563 1567 1612 tanta
1603 1560 1960 1627 properantia

248 1641 361 1688 tam
405 1636 561 1689 facile
602 1639 840 1689 tractum
883 1636 1087 1688 bellum
1130 1635 1378 1689 secordia
1415 1636 1589 1702 magis
1626 1652 1787 1703 quam
1829 1636 1956 1689 dolo

246 1713 553 1765 crederent.
626 1712 737 1765 Sed
768 1715 1058 1782 postquam
1089 1713 1299 1782 dilapso
1334 1715 1583 1779 tempore
1609 1712 1955 1766 comitiorum

245 1789 364 1842 dies
388 1789 737 1856 adventabat,
759 1789 992 1842 Albinus
1010 1789 1154 1842 Aulo
1180 1790 1352 1842 fratre
1376 1790 1431 1842 in
1455 1789 1650 1843 castris
1673 1806 1774 1858 pro
1799 1807 1957 1858 prae-

244 1870 365 1920 tore
388 1867 580 1919 relicto
609 1866 838 1919 Romam
866 1866 1113 1919 decessit.

348 1947 428 2000 37.
501 1943 581 1995 Ea
620 1946 951 2009 tempestate
996 1942 1203 1994 Romae
1243 1941 1606 1994 seditionibus
1645 1941 1956 1995 tribuniciis

244 2020 504 2073 atrociter
552 2036 640 2072 res
687 2018 904 2084 publica
952 2018 1277 2085 agitabatur.
1367 2017 1426 2070 P.
1472 2017 1729 2070 Lucullus
1776 2020 1836 2070 et
1884 2017 1950 2071 L.

245 2096 474 2162 AnniuS,
501 2095 708 2148 tribuni
739 2094 929 2162 plebis,
959 2093 1344 2147 resistentibus
1378 2093 1598 2160 collegis
1632 2093 1952 2146 continuare

241 2173 624 2239 magistratum
663 2170 996 2238 nitebantur,
1026 2187 1165 2237 quae
1199 2169 1462 2222 dissensio
1496 2168 1667 2221 totius
1703 2169 1828 2221 anni
1861 2185 1951 2223 co-

241 2248 396 2301 mitia
429 2246 781 2315 impediebat.
855 2247 936 2300 Ea
971 2263 1126 2299 mora
1162 2246 1217 2298 in
1257 2263 1410 2314 spem
1445 2244 1719 2299 adductus
1755 2246 1949 2313 Aulus,

245 2341 409 2392 quem
444 2341 546 2393 pro
581 2327 838 2392 praetore
873 2324 928 2375 in
964 2323 1158 2376 castris
1195 2322 1447 2375 relictum
1486 2338 1651 2390 supra
1691 2321 1946 2389 diximus,

242 2405 337 2453 aut
361 2399 687 2454 conficiundi
718 2400 847 2453 belli
877 2404 973 2453 aut
998 2402 1211 2452 terrore
1237 2399 1512 2451 exercitus
1536 2398 1606 2450 ab
1631 2415 1762 2464 rege
1785 2415 1949 2465 pecu-

241 2478 362 2530 niae
402 2476 717 2544 capiundae,
754 2477 955 2528 milites
993 2488 1179 2528 mense
1209 2475 1245 2527 J
1251 2475 1474 2527 anuario
1506 2491 1573 2527 ex
1611 2474 1854 2526 hibernis
1890 2476 1949 2527 in

242 2554 648 2622 expeditionem
676 2558 880 2617 evocat,
902 2553 1222 2618 magnisque
1247 2551 1533 2604 itineribus
1552 2550 1731 2602 hieme
1750 2567 1950 2618 aspera

241 2631 492 2699 pervenit
529 2629 600 2680 ad
637 2627 899 2696 oppidum
938 2627 1148 2694 Suthul,
1186 2628 1279 2679 ubi
1316 2628 1460 2694 regis
1497 2627 1737 2679 thesauri
1775 2632 1948 2680 erant.

243 2706 401 2770 Quod
437 2721 763 2772 quamquam
799 2708 856 2757 et
890 2705 1116 2757 saevitia
1142 2703 1406 2771 temporis
1440 2707 1496 2756 et
1530 2704 1947 2771 opportunitate

239 2783 338 2836 loci
374 2799 548 2850 neque
573 2782 694 2850 capi
722 2798 899 2849 neque
924 2780 1164 2834 obsideri
1196 2783 1431 2849 poterat,
1456 2795 1581 2833 nam
1606 2780 1806 2832 circum
1832 2797 1948 2832 mu-

238 2877 359 2912 rum
386 2859 549 2912 situm
575 2859 628 2910 in
653 2859 935 2927 praerupti
969 2857 1170 2909 mowis
1197 2861 1444 2910 extremo
1473 2856 1728 2924 planities
1754 2856 1949 2908 limosa

237 2936 561 2989 hiemalibus
593 2935 748 3004 aquis
780 2935 1034 3004 paludem
1069 2934 1287 3000 fecerat,
1312 2938 1497 2987 tamen
1522 2936 1618 2986 aut
1651 2929 1946 2984 simulandi

236 3013 429 3079 gratia,
448 3028 555 3078 quo
574 3013 692 3078 regi
714 3011 1059 3063 formidinem
1086 3011 1335 3075 adderet,
1355 3014 1452 3063 aut
1478 3009 1732 3077 cupidine
1751 3025 1947 3061 caecus

237 3087 330 3157 [ob
368 3087 652 3140 thesauros
687 3088 875 3156 oppidi
912 3086 1199 3154 potiundi]‚
1239 3087 1422 3139 vineas
1462 3103 1640 3154 agere,
1682 3102 1946 3152 aggerem

237 3164 433 3230 jacere,
458 3162 669 3229 aliaque
695 3180 834 3230 quae
860 3162 1081 3230 incepto
1108 3163 1228 3214 usui
1253 3164 1431 3215 forent
1457 3178 1771 3230 properare.

342 3244 422 3291 38.
500 3241 578 3290 At
610 3237 648 3289 J
651 3237 889 3305 ugurtha
924 3237 1143 3302 cognita
1177 3238 1423 3291 vanitate
1459 3242 1625 3305 atque
1662 3235 1949 3304 imperitia
