2269 3561
231 189 293 237 30
722 188 776 237 C.
817 187 1167 237 SALLUSTI
1202 186 1438 236 CRISPI

228 267 491 321 advorsos
532 266 709 322 habeo
847 266 903 320 ui
952 267 1089 320 mihi
1134 271 1303 337 atque
1351 268 1531 321 animo
1578 283 1701 322 meo
1735 268 1934 325 nullius

228 359 470 412 unquam
513 343 699 397 delicti
809 343 977 397 atiam
1018 343 1180 398 feciss
1271 386 1285 412 ‚
1325 344 1473 397 haud
1511 344 1671 398 facile
1707 344 1934 399 alterius

228 419 460 473 lubidini
507 419 795 473 malefacta
842 361 1269 548 condonaba?¹
1302 420 1414 474 Sed
1461 437 1528 474 ea
1574 422 1798 474 tametsi
1837 437 1934 475 vos

227 494 383 562 parvi
405 494 748 563 pendebatis,
775 498 957 548 tamen
984 512 1072 548 res
1210 495 1316 549 lica
1341 495 1499 550 firma
1523 501 1674 567 eram
1711 498 1934 566 opulen-

227 570 308 623 tia
348 571 750 639 neglegentiam
789 570 1073 624 tolerabat.
1090 512 1309 700 &Nunc
1346 588 1477 625 vero
1513 589 1621 625 non
1658 572 1717 625 id
1751 574 1934 641 agitur

227 645 453 700 bonisne
480 663 549 699 an
572 647 731 700 malis
768 646 1011 700 moribus
1035 647 1088 699 vi
1157 664 1294 715 mus,
1318 664 1499 716 neque
1531 652 1799 716 quantum
1835 653 1934 703 aut

227 740 391 791 quam
415 724 761 791 magnificum
786 723 1074 793 imperium
1099 725 1284 792 populi
1312 724 1543 778 Romani
1568 725 1656 792 sit,
1673 724 1773 778 sed
1795 727 1932 779 haec

227 798 620 868 cujuscumque
663 800 810 854 modi
885 801 1119 867 ’dentur,
1159 804 1351 854 nostra
1392 817 1462 854 an
1503 801 1788 854 nobiscum
1823 818 1933 856 una

226 874 465 928 hostium
497 875 686 929 futura
709 818 1017 1006 siffHic
1056 876 1190 929 mihi
1230 877 1521 945 quisquam
1556 877 1933 930 mansuetudi-

226 966 349 1003 nem
390 954 450 1004 et
488 951 769 1018 misericor
829 970 916 1005 am
955 953 1214 1006 nominat.
1288 952 1325 1004 J
1330 952 1636 1021 ampridem
1674 952 1931 1021 equidem

226 1042 325 1079 nos
366 1043 498 1080 vera
533 1028 798 1082 vocabula
835 1045 1019 1082 rerum
1057 1028 1367 1092 amisimus3
1403 1028 1534 1096 quia
1574 1027 1719 1081 bona
1756 1028 1933 1083 aliena

225 1101 414 1169 largiri
459 1103 771 1170 liberalitas,
818 1105 1084 1174 malarum
1141 1120 1327 1169 reruni
1385 1103 1614 1167 audacia
1658 1103 1931 1158 fortitudo

226 1182 466 1247 vocatur,
491 1196 556 1233 eo
583 1197 670 1234 res
705 1181 927 1250 publica
949 1181 1004 1233 in
1033 1184 1284 1234 extremo
1308 1181 1415 1234 sita
1450 1184 1550 1234 est.
1624 1180 1748 1233 Sint
1785 1196 1929 1249 sane,
2025 1216 2028 1217 ν

228 1255 481 1321 quoniam
506 1256 587 1309 ita
611 1274 669 1311 se
694 1274 872 1310 mores
907 1255 1130 1322 habent,
1158 1256 1413 1323 liberales
1440 1273 1508 1309 ex
1534 1256 1803 1310 sociorum
1829 1257 1933 1309 for-

226 1330 388 1398 tunis,
419 1331 529 1385 sint
560 1333 942 1386 misericordes
984 1333 1040 1384 in
1078 1332 1293 1385 furibus
1329 1333 1557 1392 aerarii;
1593 1349 1663 1385 ne
1698 1332 1778 1385 illi
1815 1349 1933 1386 san-

223 1408 446 1473 guinem
484 1412 733 1461 nostrum
776 1409 1097 1476 largiantur,
1139 1413 1198 1461 et
1242 1408 1374 1461 dum
1422 1409 1610 1476 paucis
1651 1409 1931 1462 sceleratis

225 1487 469 1549 parcunt,
494 1482 662 1536 bonos
687 1486 860 1538 omnis
884 1484 1165 1552 perditum
1190 1478 1358 1557 eant.)
1373 1482 1524 1537 Bene
1548 1487 1608 1537 et
1630 1485 1931 1554 composite

228 1558 285 1612 O.
315 1559 516 1612 Caesar
555 1560 718 1630 paulo
754 1564 884 1614 ante
918 1560 975 1613 in
1015 1560 1117 1614 hoc
1157 1560 1349 1613 ordine
1390 1560 1459 1613 de
1501 1561 1618 1613 vita
1655 1564 1714 1615 et
1752 1564 1930 1614 morte

226 1633 496 1700 disseruit,
537 1636 719 1702 crede,
757 1636 896 1689 falsa
943 1637 1283 1689 existumans
1329 1652 1395 1688 ea
1443 1653 1585 1704 quae
1634 1636 1705 1689 de
1742 1636 1929 1689 inferis

224 1714 609 1777 memorantur,
650 1711 868 1765 divorso
900 1711 1099 1765 itinere
1139 1712 1313 1764 malos
1351 1728 1384 1764 a
1418 1711 1573 1765 bonis
1609 1712 1731 1765 loca
1765 1717 1928 1778 tetra,

223 1786 443 1853 inculta,
468 1788 628 1842 foeda
651 1793 821 1858 atque
844 1788 1197 1842 formidolosa
1220 1788 1439 1842 habere.
1490 1789 1691 1857 Itaque
1715 1785 1928 1843 censuit

222 1864 480 1931 pecunias
527 1882 716 1917 eorum
762 1864 1137 1933 publicandas,
1186 1865 1333 1932 ipsos
1381 1882 1481 1933 per
1528 1866 1824 1934 municipia
1869 1865 1927 1917 in

223 1940 482 1993 custodiis
514 1940 809 2009 habendOS,
833 1941 1089 1995 videlicet
1120 1940 1337 2005 timens,
1370 1958 1456 2008 ne,
1483 1941 1530 1994 si
1567 1942 1773 1994 Romae
1799 1941 1927 2009 sint,

223 2021 319 2069 aut
342 2032 376 2068 a
412 2017 765 2085 popularibus
797 2017 1192 2085 conjurationis
1222 2020 1321 2071 aut
1355 2034 1390 2070 a
1418 2017 1773 2070 multitudine
1805 2033 1927 2071 con-

224 2090 389 2144 ducta
412 2108 511 2159 per
535 2093 643 2144 vim
660 2094 975 2162 eripiantur.
1029 2093 1196 2157 Quasi
1219 2109 1349 2146 vero
1374 2093 1501 2146 mali
1521 2097 1690 2161 atque
1710 2093 1925 2147 scelesti

222 2168 602 2221 tantummodo
624 2169 679 2221 in
703 2169 841 2222 urbe
865 2172 923 2222 et
954 2185 1063 2221 non
1096 2185 1197 2234 per
1228 2172 1404 2222 totam
1433 2169 1652 2222 Italiam
1678 2170 1801 2234 sint,
1828 2172 1925 2222 aut

221 2259 330 2295 non
368 2243 444 2297 ibi
471 2245 594 2312 plus
629 2245 802 2316 possit
838 2244 1078 2311 audacia,
1106 2244 1202 2297 ubi
1237 2245 1310 2297 ad
1349 2244 1757 2298 defendendum
1792 2261 1925 2314 opes

222 2319 461 2372 minores
508 2324 648 2373 sunt.
676 2309 907 2408 (Quare
956 2336 1153 2373 vanum
1201 2321 1457 2390 equidem
1501 2321 1604 2374 hoc
1643 2322 1923 2375 consilium

222 2399 323 2458 est,
351 2396 396 2447 si
428 2395 729 2463 periculum
771 2413 840 2449 ex
878 2395 986 2449 illis
1025 2396 1255 2461 metuit;
1291 2396 1374 2449 sin
1412 2396 1468 2449 in
1493 2400 1648 2450 tanto
1684 2397 1923 2450 omnium

221 2473 375 2523 metu
412 2471 559 2523 solus
596 2488 703 2524 non
740 2472 918 2539 timet,
944 2489 1009 2526 eo
1040 2474 1213 2540 magis
1251 2473 1425 2526 refert
1464 2489 1552 2526 me
1588 2472 1721 2525 mihi
1757 2477 1924 2540 atque

221 2545 375 2598 vobis
416 2547 631 2601 timere.
703 2548 885 2612 Quare
924 2566 1093 2616 quum
1134 2549 1205 2602 de
1245 2549 1302 2601 P.
1341 2549 1578 2602 Lentulo
1618 2549 1923 2616 ceterisque

221 2623 495 2688 statuetiS,
511 2640 579 2691 pr
639 2628 790 2677 certo
816 2623 1077 2679 habetote
1101 2642 1198 2678 vos
1223 2625 1381 2678 simul
1409 2625 1480 2678 de
1504 2625 1751 2678 exercitu
1777 2623 1924 2678 Cati-

219 2698 362 2752 linae
386 2703 446 2753 et
478 2698 550 2752 de
582 2701 831 2753 omnibus
863 2701 1165 2769 conjuratis
1190 2702 1500 2755 decernere.
1575 2700 1791 2764 Quanto
1827 2716 1924 2753 vos

219 2775 488 2828 attentius
513 2792 578 2829 ea
602 2777 795 2843 ageti8‚
822 2780 976 2830 tanto
1010 2778 1121 2830 illis
1154 2778 1366 2830 animus
1399 2777 1667 2830 infirmior
1702 2776 1841 2830 erit:
1878 2775 1924 2829 si

219 2852 501 2919 paululum
526 2852 689 2905 modo
716 2869 811 2905 vos
843 2853 1104 2921 languere
1143 2853 1396 2918 viderint,
1414 2852 1534 2921 jam
1570 2869 1758 2905 omnes
1781 2852 1923 2906 fero-

220 2943 310 2979 ces
335 2928 583 2982 aderunt.
657 2929 844 2982 Nolite
876 2923 1209 2982 existumare
1242 2946 1479 2998 majores
1514 2934 1732 2982 nostros
1755 2928 1923 2981 armis

220 3019 338 3056 rem
362 3005 634 3070 publicam
660 3021 728 3058 ex
754 3021 922 3075 parva
941 3021 1194 3073 magnam
1220 3005 1423 3059 fecisse.
1463 3006 1521 3059 Si
1545 3006 1627 3058 ita
1650 3022 1740 3058 res
1759 3007 1921 3074 esset,

220 3079 393 3132 multo
431 3080 870 3149 pulcherrumam
910 3098 1031 3133 eam
1069 3092 1170 3134 nos
1212 3081 1564 3146 haberemus;
1601 3083 1802 3149 quippe
1837 3097 1921 3134 so-

220 3155 428 3208 ciorum
451 3160 619 3223 atque
645 3157 858 3221 civium,
874 3161 1162 3225 praeterea
1179 3174 1454 3210 armorum
1471 3163 1639 3227 atque
1655 3173 1922 3224 equorum

220 3230 395 3299 major
419 3232 577 3285 nobis
600 3234 756 3303 copia
787 3249 949 3300 quam
982 3232 1092 3286 illis
1129 3236 1231 3287 est.
1302 3233 1414 3287 Sed
1446 3234 1555 3288 alia
1592 3234 1746 3288 fuere
1778 3248 1924 3299 quae
