2269 3561
213 223 276 272 26
711 220 767 269 C.
806 217 1157 268 SALLUSTI
1189 215 1426 271 ,CRISPI

211 301 285 355 de
346 300 408 355 L.
460 300 664 369 Cassio,
708 300 768 353 P.
818 300 999 367 Furio,
1055 299 1115 354 P.
1166 297 1461 364 UmbrenO,
1517 296 1580 361 Q.
1634 298 1827 363 Anni0,
1877 296 1924 350 si

212 375 542 443 deprehensi
588 377 782 439 forent,
823 376 1145 444 supplicium
1195 374 1524 428 sumundum
1574 373 1928 437 decreverat3

212 452 371 522 isque
397 457 604 523 postea,
630 458 912 522 permotus
936 452 1182 506 oratione
1212 451 1271 504 O.
1300 450 1567 516 Caesaris,
1597 448 1832 518 pedibus
1865 449 1923 502 in

215 529 543 583 sententiam
568 529 688 582 Tib.
719 529 950 581 Neronis
982 528 1188 581 iturum
1223 543 1282 579 se
1317 526 1547 592 dixerat,
1573 524 1722 593 quod
1746 525 1816 578 de
1854 541 1922 577 ea

213 619 276 658 re
292 605 582 673 praesidiis
607 604 813 658 additis
837 603 1193 658 referundmn
1217 607 1523 656 censuerat.
1574 600 1685 655 Sed
1703 600 1921 667 Caesar,

213 680 310 733 ubi
347 680 421 734 ad
459 697 581 734 eum
609 684 833 734 ventum
867 684 968 747 est,
1009 683 1235 748 rogatus
1274 679 1604 732 sententiam
1638 694 1672 730 a
1704 677 1924 731 consule

213 755 592 824 hujuscemodi
616 756 784 811 verba
808 757 1024 810 locutus
1049 759 1149 810 est.

182 835 269 897 11ss
238 864 285 895 R
319 838 401 886 51.
464 831 703 885 “Omnis
726 832 984 897 hominos,
1001 835 1190 900 patres
1214 829 1523 899 conscripti,
1542 829 1636 898 qui
1662 830 1736 883 de
1758 830 1926 883 rebus

215 890 397 961 dubiis
422 909 747 976 consultant,
772 908 842 961 ab
869 908 1010 976 odio,
1034 907 1288 974 amicitia,
1311 908 1394 960 ira
1426 911 1597 975 atque
1622 906 1924 959 misericor-

215 983 308 1037 dia
321 1000 518 1037 vacuos
538 1001 658 1038 esse
682 984 855 1038 decet.
933 983 1100 1036 Haud
1126 983 1286 1036 facile
1311 983 1519 1036 animus
1535 999 1723 1036 verum
1746 982 1926 1051 provi-

215 1059 328 1126 det,
354 1059 451 1112 ubi
475 1059 568 1114 illa
591 1060 848 1123 officiunt,
880 1076 1059 1127 neque
1099 1060 1385 1128 quisquam
1420 1058 1662 1111 omnium
1693 1058 1923 1111 lubidini

215 1135 375 1190 simul
410 1139 470 1190 et
501 1137 626 1190 usui
663 1137 860 1204 paruit.
934 1135 1047 1189 Ubi
1085 1135 1389 1188 intenderis
1420 1136 1715 1202 ingenium,
1742 1134 1924 1200 valet;

216 1211 263 1264 si
302 1211 494 1265 lubido
540 1211 802 1282 possidet,
846 1228 912 1265 ea
951 1210 1279 1277 dominatur,
1328 1211 1541 1263 animus
1582 1210 1717 1263 nihil
1761 1210 1923 1264 valet.

216 1286 420 1354 Magna
438 1287 570 1340 mihi
589 1289 743 1355 copia
760 1291 846 1341 est
869 1285 1223 1352 memorandi,
1243 1289 1431 1355 patres
1455 1286 1764 1355 conscripti,
1783 1303 1924 1355 quae

215 1379 375 1429 reges
411 1367 580 1432 atque
622 1363 809 1432 populi
853 1363 936 1416 ira
976 1365 1072 1414 aut
1108 1362 1481 1415 misericordia
1520 1363 1743 1431 impulsi
1784 1363 1925 1416 male

217 1439 626 1504 consuluerint;
664 1439 763 1492 sed
799 1455 864 1492 ea
895 1438 1037 1490 malo
1077 1437 1259 1490 dicere
1296 1454 1438 1505 quae
1476 1438 1713 1506 majores
1750 1438 1924 1492 nostri

216 1517 408 1567 contra
445 1515 747 1568 lubidinem
786 1513 953 1567 animi
992 1513 1075 1566 sui
1109 1517 1261 1566 recte
1299 1518 1468 1582 atque
1508 1515 1702 1568 ordine
1730 1515 1924 1568 fecere.

219 1589 374 1642 Bello
400 1590 767 1657 Macedonico,
793 1589 943 1659 quod
971 1606 1094 1642 cum
1117 1606 1250 1657 rege
1278 1591 1445 1645 Perse
1468 1590 1753 1658 gessimuS,
1780 1590 1927 1643 Rho-

217 1664 433 1718 diorum
474 1666 684 1733 civitas,
733 1682 930 1733 magna
977 1669 1147 1732 atque
1196 1666 1497 1734 magnifica,
1549 1683 1690 1734 quae
1737 1665 1925 1734 populi

219 1741 451 1795 Romani
468 1741 664 1811 opibus
684 1746 948 1809 creverat,
967 1741 1139 1810 infida
1163 1746 1329 1811 atque
1356 1742 1586 1795 advorsa
1608 1741 1766 1796 nobis
1783 1740 1890 1795 fuit
1910 1761 1924 1806 ;

218 1817 318 1871 sed
348 1821 638 1887 postquam
668 1819 811 1871 bello
844 1819 1090 1872 confecto
1125 1818 1196 1871 de
1235 1813 1463 1871 Rhodiis
1488 1819 1796 1872 consultum
1821 1821 1923 1886 est,

215 1893 451 1962 majores
478 1895 667 1963 nostri,
701 1911 769 1948 ne
798 1895 918 1963 quis
950 1895 1267 1947 divitiarum
1299 1895 1472 1961 magis
1498 1910 1661 1962 quam
1689 1894 1925 1963 injuriae

215 1985 406 2023 caussa
422 1969 626 2023 bellum
652 1972 927 2039 inceptum
955 1970 1181 2037 diceret,
1208 1970 1506 2040 impunitos
1531 1987 1624 2024 eos
1650 1970 1925 2026 dimisere.

220 2044 364 2098 Item
384 2046 540 2100 bellis
563 2047 776 2101 Punicis
794 2046 1059 2111 omnibuS,
1075 2063 1244 2115 quum
1264 2062 1426 2113 saepe
1444 2047 1922 2114 Carthaginienses

216 2121 304 2174 ct
289 2138 345 2174 111
365 2139 500 2190 pace
526 2126 584 2176 et
607 2140 709 2211 per
726 2123 971 2176 inducias
986 2123 1162 2175 multa
1177 2122 1383 2175 nefaria
1398 2122 1637 2176 facinora
1649 2124 1923 2188 fecissent,

214 2214 510 2265 numquam
544 2198 648 2266 ipsi
680 2217 782 2267 per
814 2201 1149 2252 occasionem
1185 2199 1317 2256 talia
1345 2199 1552 2263 fecere;
1586 2200 1760 2267 magis
1788 2199 1925 2267 quid

216 2291 276 2327 se
313 2275 538 2341 dignum
572 2275 625 2328 fo
767 2292 931 2344 quam
964 2275 1098 2342 quid
1136 2274 1193 2327 in
1231 2275 1353 2327 illos
1393 2275 1524 2342 jure
1556 2275 1624 2328 fic
1628 2276 1674 2328 ri
1717 2279 1921 2344 posset,

215 2351 565 2419 quaerebant.
642 2351 764 2405 Hoc
797 2353 932 2404 item
965 2350 1118 2403 vobis
1151 2351 1549 2419 providendum
1591 2355 1692 2416 est,
1730 2354 1921 2419 patres

215 2427 522 2495 conscripti,
557 2444 627 2480 ne
654 2426 778 2495 plus
817 2425 963 2495 apud
987 2443 1082 2479 vos
1122 2427 1300 2481 valeat
1335 2428 1394 2481 P.
1421 2426 1641 2480 Lentuli
1677 2430 1735 2480 et
1772 2429 1923 2481 cete-

217 2520 402 2556 rorum
429 2503 604 2557 scelus
638 2519 799 2572 quam
828 2507 1013 2555 vostra
1041 2502 1297 2571 dignitas,
1329 2520 1437 2557 neu
1465 2503 1638 2572 magis
1667 2503 1782 2556 irae
1806 2519 1924 2556 vos-

216 2583 335 2632 trae
361 2596 528 2648 quam
559 2580 736 2632 famae
768 2578 1062 2632 consulatis
1149 2580 1293 2633 Nam
1326 2580 1374 2632 si
1406 2578 1572 2647 digna
1607 2595 1785 2647 poena
1821 2596 1923 2648 pro

214 2655 374 2709 factis
413 2672 602 2709 eorum
631 2654 922 2724 reperitur,
960 2671 1159 2709 novum
1200 2656 1483 2718 consilium
1521 2655 1794 2725 approb03
1838 2656 1923 2708 sin

216 2730 536 2799 magnitudo
562 2732 783 2785 sceleris
815 2730 1057 2784 omnium
1089 2732 1309 2799 ingenia
1340 2741 1544 2801 exsupe
1669 2732 1741 2792 iis
1763 2735 1923 2784 uten-

216 2807 350 2861 dum
392 2825 587 2862 censeo
636 2825 775 2877 quae
820 2807 1034 2875 legibus
1077 2812 1393 2877 comparata
1439 2826 1539 2861 sun
1625 2869 1633 2878 q
1669 2865 1684 2876 „
1712 2808 1924 2875 lerique

216 2900 418 2951 eorum,
447 2885 541 2953 qui
575 2888 703 2938 ante
735 2900 824 2937 me
854 2884 1155 2938 sententias
1184 2884 1391 2952 dixere,
1427 2901 1543 2938 com
1619 2921 1630 2938 .
1756 2887 1923 2951 atque

217 2961 502 3027 magnifice
535 2977 718 3014 casum
751 2960 833 3014 rei
865 2959 1116 3029 publicae
1152 2961 1395 3014 miserati
1433 2964 1593 3025 sunt3
1630 2975 1770 3027 quae
1790 2959 1923 3012 belli

217 3037 443 3089 saevitia
468 3039 627 3103 essct,
653 3053 793 3105 quae
812 3036 970 3089 victis
995 3036 1321 3102 acciderent,
1343 3051 1732 3090 enumeravero
1753 3056 1766 3102 ;
1799 3036 1923 3104 rapi

217 3112 471 3179 virginee,
503 3129 715 3180 pueros,
754 3113 940 3166 divelli
985 3112 1188 3165 liberos
1221 3130 1254 3166 a
1290 3117 1579 3181 parentum
1619 3112 1923 3182 complexu,

218 3192 424 3241 matres
459 3189 787 3242 familiarum
832 3190 951 3256 pati
990 3206 1130 3256 quae
1171 3189 1471 3242 victoribus
1520 3189 1923 3256 collubuissent‚

218 3263 341 3317 fana
375 3266 543 3333 atque
573 3264 776 3318 domos
796 3264 1033 3333 spoliari,
1066 3264 1308 3331 caedem,
1343 3264 1595 3319 incendia
1619 3264 1751 3329 ficri,
1774 3269 1923 3333 post-
