2269 3561
909 182 1327 232 JUGURTHA.
1469 195 1475 202 “
1913 185 1975 231 83

266 280 333 317 ac
356 263 607 332 perlegit,
632 262 759 317 dein
789 279 1024 332 propere
1053 266 1284 332 cognitis
1307 266 1519 319 insidiis
1543 266 1615 319 ad
1639 271 1976 334 regem'per-

265 341 366 407 git.
453 339 735 393 Nabdalsa
765 344 891 409 post
922 340 1082 409 paulo
1117 347 1490 410 experrectus,
1524 343 1619 396 ubi
1650 358 1828 410 neque
1863 342 1977 410 epi-

267 416 466 470 stolam
495 417 741 486 repperit
776 420 834 471 et
869 434 984 471 rem
1024 436 1258 484 omnem,
1276 423 1348 471 *ut
1386 424 1509 473 acta
1546 423 1682 486 erat,
1706 419 1976 486 cognovit,

266 495 444 565 primo
488 494 720 548 indicem
757 496 1011 564 persequi
1053 500 1295 563 conatus,
1336 502 1626 565 postquam
1670 497 1730 549 id
1771 498 1977 550 frustra

266 572 390 640 fuit,
442 571 479 623 J
483 572 777 640 ugurtham
826 572 1075 641 placandi
1112 574 1296 641 gratia
1351 573 1595 637 accedit;
1654 572 1787 625 dicit
1836 589 1976 640 quae

267 648 385 717 ipse
433 649 737 716 paravisset
777 650 958 703 facore
994 649 1228 718 perfidia
1268 650 1482 702 clientis
1525 650 1607 701 sui
1648 654 1976 717 praeventa;

268 725 575 779 lacrumans
617 724 927 779 obtestatur
964 742 1066 795 per
1098 726 1392 778 amicitiam
1435 742 1645 793 perque
1682 742 1780 778 sua
1814 729 1977 779 antea

269 801 512 855 fideliter
557 805 693 868 acta,
752 818 823 854 ne
871 819 1034 870 super
1080 802 1180 855 tali
1228 802 1432 856 scelere
1489 807 1800 870 suspectum
1857 818 1976 855 sese

270 876 518 931 haberet.

380 957 460 1009 72.
534 954 624 1006 Ad
656 970 721 1007 ea
748 970 846 1007 rex
880 953 1042 1007 aliter
1077 956 1246 1021 atque
1279 954 1460 1007 animo
1494 953 1724 1022 gerebat
1760 954 1976 1022 placide

270 1030 568 1097 respondit.
638 1030 940 1082 Bomilcare
976 1030 1204 1098 aliisque
1237 1030 1441 1097 multis,
1477 1047 1613 1098 quos
1645 1030 1817 1083 socios
1851 1031 1976 1083 insi-

271 1106 485 1160 diarum
510 1110 848 1174 cognoverat,
878 1107 1183 1159 interfectis
1212 1107 1349 1159 iram
1384 1111 1748 1175 oppresserat,
1772 1122 1842 1158 ne
1867 1123 1978 1174 qua

271 1200 340 1236 ex
366 1199 431 1236 eo
455 1183 673 1250 negotio
709 1182 908 1235 seditio
942 1183 1191 1235 oriretur.
1264 1183 1460 1250 Neque
1486 1185 1612 1251 post
1644 1182 1704 1233 id
1736 1182 1976 1236 locorum

269 1260 307 1312 J
311 1259 582 1327 ugurthae
620 1258 739 1311 dies
776 1262 873 1312 aut
913 1276 1021 1311 nox
1063 1258 1175 1311 ulla
1225 1259 1413 1327 quieta
1453 1258 1587 1322 fuit3
1638 1274 1818 1326 neque
1858 1258 1976 1311 loco

268 1352 446 1403 neque
480 1335 695 1388 mortali
726 1335 978 1402 cuiquam
1011 1339 1107 1388 aut
1142 1335 1377 1404 tempori
1410 1335 1544 1387 satis
1576 1333 1816 1399 credere,
1843 1334 1976 1387 civis

266 1412 550 1481 hostisque
573 1411 741 1479 juxta
768 1415 1031 1479 metuere,
1064 1412 1517 1479 circumspectare
1542 1411 1723 1463 omnia
1746 1414 1805 1463 et
1829 1411 1976 1463 omni

269 1489 507 1558 strepitu
554 1505 858 1556 pavescere,
897 1488 1004 1542 alio
1046 1492 1215 1557 atque
1256 1488 1362 1541 alio
1409 1488 1527 1541 loco
1574 1502 1738 1555 saepe
1786 1491 1977 1539 contra

265 1566 436 1620 decus
474 1565 686 1632 regium
725 1568 892 1618 noctu
933 1565 1291 1633 requiescere,
1335 1563 1611 1617 interdum
1651 1578 1839 1615 somno
1882 1578 1976 1615 ex-

267 1642 409 1696 citus
450 1643 687 1711 arreptis
730 1642 896 1694 armis
937 1641 1237 1694 tumultum
1285 1640 1467 1693 facere
1483 1660 1497 1705 ;
1554 1640 1636 1692 ita
1682 1637 1975 1691 formidine

264 1719 422 1788 quasi
448 1718 701 1772 vecordia
724 1718 1001 1786 exagitari.

375 1801 455 1853 73.
530 1796 709 1864 Igitur
742 1796 1013 1864 Metellus,
1049 1795 1144 1848 ubi
1182 1795 1252 1848 de
1289 1812 1418 1848 casu
1456 1793 1775 1847 Bomilcaris
1808 1795 1867 1846 et
1898 1793 1977 1845 in-

269 1874 414 1927 dicio
449 1873 724 1941 patefacto
762 1890 828 1926 ex
864 1873 1109 1940 perfugis
1153 1875 1419 1939 cognovit,
1458 1888 1646 1923 rursus
1693 1875 1974 1937 tamquam

268 1949 342 2002 ad
365 1950 642 2016 integrum
672 1949 875 2002 bellum
910 1953 1106 2001 cuncta
1128 1951 1290 2015 parat
1314 1947 1663 2015 festinatque.
1735 1946 1972 1998 Marium

266 2026 591 2093 fatigantem
618 2025 688 2078 de
717 2025 1066 2094 profectione,
1102 2025 1261 2077 simul
1288 2027 1345 2077 et
1368 2023 1598 2076 invitum
1627 2025 1685 2074 ct
1709 2022 1972 2074 offensum

268 2102 373 2155 sibi
398 2119 593 2171 parum
617 2101 873 2155 idoneum
899 2106 1066 2160 ratus,
1099 2101 1319 2154 domum
1353 2099 1596 2152 dimittit.
1669 2097 1739 2149 Et
1769 2097 1973 2149 Romae

266 2179 459 2248 plebes
497 2178 698 2232 litteris
740 2195 881 2246 quae
916 2177 987 2230 de
1022 2178 1249 2231 Metello
1279 2194 1341 2229 ac
1377 2175 1555 2228 Mario
1586 2175 1783 2227 missae
1817 2179 1974 2226 crant

267 2256 500 2323 cognitis
520 2255 721 2308 volenti
746 2256 925 2307 animo
951 2255 1022 2308 (le
1046 2253 1309 2307 ambobus
1334 2254 1670 2320 acceperant.
1732 2250 1973 2317 Impera-

267 2333 377 2387 tori
417 2331 685 2399 nobilitas,
719 2349 860 2400 quac
894 2338 1055 2384 antea
1087 2330 1270 2383 decori
1307 2330 1426 2394 fuit,
1464 2327 1699 2380 invidiae
1732 2343 1882 2389 esse3
1915 2329 1974 2379 at

266 2409 349 2461 illi
374 2407 534 2462 alteri
557 2409 774 2476 generis
799 2408 1079 2460 humilitas
1104 2409 1343 2459 favorem
1369 2405 1694 2469 addiderat3
1729 2407 1973 2457 ceterum

267 2486 325 2536 in
349 2489 584 2553 utroque
619 2486 790 2552 magis
826 2485 1010 2537 studia
1046 2484 1282 2551 partium
1321 2499 1486 2551 quam
1523 2480 1666 2534 bona
1699 2484 1796 2534 aut
1833 2480 1974 2532 mala

270 2577 368 2613 sua
400 2561 694 2615 moderata.
769 2562 1066 2614 Praeterea
1099 2560 1342 2612 seditiosi
1379 2559 1732 2626 magistratus
1756 2557 1970 2624 volgum

270 2638 566 2705 exagitare,
593 2638 875 2692 Metellum
915 2638 1166 2690 omnibns
1200 2636 1540 2689 contionibus
1573 2635 1771 2704 capitis
1802 2650 1975 2686 arcos-

271 2729 408 2778 sere,
440 2714 584 2767 Mari
613 2715 867 2769 virtutem
908 2716 961 2768 in
999 2716 1177 2781 majus
1208 2713 1500 2767 celebrare.
1574 2711 1825 2779 Denique
1861 2710 1973 2778 plo-

270 2788 369 2842 bes
406 2791 482 2843 sic
519 2807 741 2844 accensa
770 2801 834 2843 ut
869 2792 1088 2859 opifices
1121 2794 1476 2858 agrestesque
1511 2805 1710 2851 omneS,
1743 2802 1972 2855 quorum

270 2882 361 2919 res
403 2866 650 2935 fidesque
691 2867 745 2920 in
787 2867 1032 2920 manibus
1075 2867 1212 2920 sitae
1255 2872 1425 2931 erant,
1470 2864 1676 2918 relictis
1718 2862 1974 2931 operibus

270 2942 690 3012 frequentarent
738 2945 989 3012 Marium,
1039 2949 1096 2998 et
1146 2961 1243 2997 sua
1290 2942 1594 2996 necessaria
1652 2943 1777 3009 post
1829 2939 1974 2992 illius

271 3019 532 3073 honorem
575 3021 855 3075 ducerent.
931 3022 1022 3074 Ita
1061 3022 1313 3090 perculsa
1351 3019 1636 3072 nobilitate
1676 3019 1800 3087 post
1844 3016 1975 3069 mul-

271 3099 359 3150 tas
396 3101 756 3166 tempestates
794 3115 932 3151 novo
969 3099 1172 3151 homini
1209 3097 1519 3150 consulatus
1557 3094 1882 3157 mandatur3
1918 3099 1976 3145 ct

270 3177 463 3243 postca
495 3175 726 3243 populus
757 3192 790 3228 a
819 3174 1039 3229 tribuno
1077 3174 1253 3242 plebis
1296 3173 1499 3226 Manlio
1533 3172 1789 3225 Mancino
1823 3185 1976 3235 roga-

272 3253 379 3318 tae,
403 3266 566 3319 quem
592 3251 758 3305 vellet
786 3268 908 3305 cum
935 3252 970 3304 J
977 3249 1217 3319 ugurtha
1245 3249 1448 3302 bellum
1478 3264 1686 3315 gerere,
1718 3248 1975 3312 frequens
