2269 3561
276 209 338 256 98
765 206 820 253 C.
860 204 1207 254 SALLUSTI
1244 204 1480 253 CRISPI

273 285 537 355 promissa
560 284 682 352 ejus
705 284 981 351 cognitum
1014 301 1084 337 ex
1116 285 1501 352 praesentibus
1531 283 1702 347 misit;
1747 302 1981 353 quorum

272 363 356 417 uti
379 361 642 430 cujusque
666 360 940 427 ingenium
961 365 1095 427 erat,
1115 361 1195 413 ita
1213 378 1329 414 rem
1350 361 1621 414 difficilem
1647 367 1744 414 aut
1767 362 1983 416 facilem

273 438 621 501 nuntiavere;
674 436 908 490 consulis
955 438 1166 489 animus
1213 441 1397 490 tamen
1446 437 1667 505 paulum
1716 441 1980 492 arrectus

276 519 477 586 Itaque
514 533 580 568 ex
613 514 768 581 copia
800 512 1103 566 tubicinum
1129 519 1188 566 et
1212 516 1541 567 cornicinum
1574 531 1800 567 numero
1825 515 1984 584 quin-

274 612 381 664 que
406 610 568 662 quam
595 591 971 645 velocissumos
998 590 1218 657 delegit,
1244 596 1302 643 et
1326 608 1445 643 cum
1474 592 1559 644 his
1585 594 1859 661 praesidio
1886 595 1983 663 qui

272 672 454 724 forent
502 673 761 736 quattuor
808 667 1167 733 centurioneS‚
1216 667 1499 736 omnisque
1550 669 1738 735 Liguri
1782 687 1982 738 parere

264 748 443 815 jubet,
470 752 528 799 et
552 746 600 799 ei
633 745 850 812 negotio
874 759 1200 810 proxumum
1229 743 1372 795 diem
1400 746 1700 797 constituit.

378 829 456 877 94.
532 822 640 875 Sed
689 821 781 873 ubi
832 839 899 874 ex
948 824 1243 887 praecepto
1285 822 1505 888 tempus
1543 821 1732 887 visum,
1769 823 1982 890 paratis

272 899 693 967 compositisque
725 897 977 950 omnibus
1006 896 1079 949 ad
1111 896 1287 948 locum
1321 896 1517 963 pergit.
1601 897 1863 951 Ceterum
1900 900 1981 952 illi

274 977 368 1044 qui
389 975 665 1028 ascensuri
690 978 849 1026 erant
871 973 1157 1041 praedocti
1181 972 1251 1023 ab
1278 971 1417 1023 duce
1442 989 1592 1024 arma
1616 978 1981 1042 ornatumque

273 1055 631 1114 mutaverant,
661 1051 839 1118 capite
869 1054 1036 1116 atque
1069 1047 1303 1117 pedibus
1332 1047 1507 1112 nudis,
1543 1048 1625 1101 uti
1654 1058 1980 1119 prospectus

273 1128 528 1194 nisusque
566 1143 667 1194 per
707 1143 838 1178 saxa
871 1126 1081 1178 facilius
1120 1125 1295 1188 foret;
1333 1140 1496 1192 super
1531 1128 1688 1193 terga
1718 1127 1888 1193 gladii
1921 1133 1981 1183 et

274 1208 439 1268 scuta„
477 1220 667 1255 verum
711 1219 776 1255 ea
821 1202 1110 1255 Numidica
1154 1219 1221 1254 ex
1271 1201 1443 1264 coriis
1494 1202 1750 1269 ponderis
1797 1206 1981 1271 gratia

275 1279 431 1332 simul
458 1283 516 1332 ct
540 1279 742 1332 offensa
775 1296 880 1345 quo
914 1278 1082 1330 levius
1114 1280 1436 1346 streperent.
1515 1278 1694 1344 Igitur
1721 1298 1981 1349 praegre-

214 1353 218 1359 ’
274 1356 429 1409 diens
455 1356 621 1422 Ligus
646 1372 777 1408 saxa
802 1358 860 1407 et
885 1355 928 1406 si
955 1371 1095 1421 quae
1119 1357 1396 1406 vetustate
1422 1353 1634 1407 radices
1664 1357 1980 1411 eminebant

273 1434 480 1501 laqueis
506 1431 788 1498 vinciebat,
818 1430 1014 1498 quibus
1040 1428 1258 1483 allevati
1292 1429 1542 1498 [milites]
1567 1431 1776 1484 facilius
1795 1450 1980 1487 escen-

274 1511 484 1573 derent,
507 1508 781 1561 interdum
803 1505 1023 1559 timidos
1041 1506 1332 1558 insolentia
1351 1505 1562 1558 itineris
1582 1506 1762 1560 levare
1782 1526 1948 1562 manu
1968 1532 1979 1575 ;

243 1635 248 1640 ,
273 1586 366 1639 ubi
394 1586 550 1652 paulo
567 1603 625 1636 as
665 1586 806 1636 erior
820 1599 1071 1636 ascensus
1092 1586 1225 1649 erat,
1245 1582 1486 1649 singulos
1511 1600 1642 1650 prae
1668 1601 1727 1637 se
1752 1585 1977 1639 inermis

273 1664 508 1728 mittere,
561 1662 761 1713 deinde
803 1661 919 1729 ipse
964 1676 1086 1712 cum
1129 1658 1343 1711 illorum
1392 1660 1558 1712 armis
1601 1661 1783 1726 sequi3
1836 1679 1977 1730 quae

274 1739 440 1793 dubia
476 1738 597 1791 nisu
620 1735 947 1790 videbantur
978 1736 1311 1805 potissumus
1345 1740 1634 1804 temptare,
1668 1753 1731 1790 ac
1759 1740 1977 1807 saepius

273 1816 465 1869 eadem
488 1813 785 1868 ascendens
812 1812 1268 1878 descendensque,
1294 1812 1419 1865 dein
1448 1813 1633 1865 statim
1661 1813 1977 1880 digrediens

273 1893 470 1947 ceteris
488 1890 768 1944 audaciam
788 1889 1008 1941 addere.
1072 1888 1251 1955 Igitur
1276 1889 1370 1940 diu
1395 1888 1738 1955 multumque
1762 1890 1977 1958 fatigati

273 1970 497 2022 tandem
527 1969 582 2021 in
616 1966 897 2020 castellum
931 1966 1257 2034 perveniunt
1290 1965 1573 2017 desertum
1603 1964 1673 2017 ab
1702 1983 1767 2018 ea
1799 1973 1977 2034 parte,

274 2046 423 2114 quod
452 2062 636 2097 omnes
665 2044 805 2095 sicut
834 2043 951 2094 aliis
985 2041 1180 2094 diebus
1210 2041 1501 2093 advorsum
1534 2041 1706 2094 hostis
1731 2042 1974 2099 aderant.

275 2123 483 2175 Marius
507 2121 604 2174 ubi
620 2138 686 2173 ex
703 2120 908 2172 nuntiis
934 2136 1072 2186 quae
1099 2118 1266 2185 Ligus
1290 2121 1481 2185 egerat
1505 2119 1770 2185 cognovit,
1790 2137 1979 2187 quam-

275 2216 436 2268 quam
464 2201 582 2252 toto
607 2197 696 2248 dic
727 2196 968 2248 intentos
999 2195 1205 2262 proelio
1239 2194 1508 2247 Numidas
1536 2194 1820 2263 habuerat,
1854 2200 1975 2250 tum

275 2292 401 2328 vero
426 2274 741 2327 cohortatus
765 2273 965 2325 milites
985 2276 1041 2324 et
1068 2272 1182 2339 ipse
1209 2275 1367 2324 extra
1385 2273 1567 2324 vineas
1592 2289 1842 2339 egressus
1866 2277 1977 2327 tes-

273 2350 464 2404 tudine
490 2353 610 2402 acta
644 2349 936 2402 succeder:
963 2351 1019 2400 ct
1046 2347 1203 2399 simul
1237 2347 1452 2400 hostem
1486 2350 1774 2403 tormentis
1808 2352 1976 2418 sagit-

274 2428 534 2495 tariisque
561 2429 620 2478 et
643 2424 1012 2477 funditoribus
1045 2424 1256 2477 eminus
1296 2427 1520 2477 terrere.
1592 2426 1673 2477 At
1699 2425 1975 2480 Numidae

274 2522 433 2572 saepe
458 2505 620 2555 antea
642 2501 815 2554 vineis
847 2502 1215 2554 Romanorum
1250 2500 1537 2567 subvorsiS,
1563 2502 1696 2554 item
1723 2501 1972 2570 incensis,

273 2598 378 2634 non
403 2579 610 2633 castelli
636 2578 917 2631 moenibus
943 2594 1060 2630 sese
1085 2577 1412 2630 tutabantur
1431 2578 1528 2630 sed
1552 2594 1653 2645 pro
1678 2595 1834 2630 muro
1854 2578 1976 2633 dies

273 2657 556 2725 noctisque
589 2657 812 2723 agitare,
847 2654 1172 2708 maledicere
1208 2653 1468 2706 Romanis
1500 2670 1562 2706 ac
1589 2653 1765 2705 Mario
1789 2670 1975 2708 vecor-

273 2733 419 2786 diam
460 2732 748 2800 objectare,
790 2731 1053 2784 militibus
1092 2731 1290 2783 nostris
1339 2731 1374 2782 J
1380 2731 1650 2797 ugurthae
1691 2732 1973 2785 servitium

272 2810 479 2877 minari,
508 2809 759 2861 secundis
798 2808 963 2862 rebus
1003 2809 1208 2861 feroces
1248 2825 1379 2860 esse.
1455 2807 1688 2859 Interim
1723 2808 1976 2861 omnibus

274 2886 532 2940 Romanis
565 2885 923 2957 hostibusque
956 2886 1160 2955 proelio
1194 2885 1434 2950 intentis,
1469 2901 1668 2951 magna
1695 2884 1977 2952 utrimque

270 2964 323 3015 vi
347 2980 445 3029 pro
469 2963 642 3028 gloria
674 2966 843 3031 atque
859 2963 1103 3030 ‚imperio
1138 2961 1236 3027 his,
1264 2961 1368 3013 illis
1394 2978 1491 3028 pro
1519 2960 1692 3014 salute
1716 2963 1978 3014 certanti-

271 3037 388 3101 buS‚
414 3042 642 3104 repente
666 3055 699 3090 a
721 3042 880 3106 tergo
907 3039 1058 3106 signa
1083 3056 1306 3103 canere;
1348 3056 1411 3091 ac
1435 3040 1613 3106 primo
1639 3037 1894 3090 mulieres
1920 3041 1980 3091 et

271 3113 439 3178 pueri,
460 3112 553 3178 qui
573 3113 748 3165 visum
766 3118 1157 3181 processerant,
1175 3115 1382 3182 fugere,
1410 3114 1611 3167 deinde
1635 3114 1716 3166 uti
1744 3113 1980 3182 quisque

272 3202 428 3238 muro
453 3203 751 3254 proxumus
781 3192 914 3251 erat,
948 3192 1226 3254 postremo
1260 3191 1458 3255 cuncti,
1493 3191 1691 3243 armati
1717 3191 1980 3244 inermes·

274 3277 392 3325 que.
467 3261 626 3323 Quod
654 3261 747 3314 ubi
778 3262 990 3329 accidit,
1022 3279 1086 3315 eo
1119 3265 1297 3318 acrius
1335 3266 1565 3319 Romani
1603 3267 1827 3330 instare,
1861 3267 1983 3319 fun·
