2269 3561
976 170 1012 218 J
1018 170 1394 220 UGURTHA.
1977 178 2041 226 63

332 252 503 321 legati
536 250 800 306 subdolus
824 251 944 320 ejus
972 268 1176 319 augere
1207 252 1516 321 amentiam,
1539 255 1812 309 missitare
1837 256 2041 325 suppli-

333 330 509 384 cantis
542 327 771 396 legatos,
804 327 923 397 ipse
956 329 1110 396 quasi
1147 329 1479 383 vitabundus
1512 346 1615 398 per
1652 330 1889 383 saltuosa
1923 332 2041 386 loca

332 410 394 459 et
434 404 684 458 tramites
733 405 1033 459 exercitum
1077 405 1318 459 ductare.
1398 406 1649 473 Denique
1693 407 1897 473 Aulum
1941 424 2040 477 spe

331 480 600 552 pactionis
623 481 879 549 perpulit,
897 481 979 533 uti
1004 482 1196 534 relicto
1215 482 1448 536 Suthule
1472 483 1528 536 in
1546 482 1763 536 abditas
1787 483 2039 551 regiones

333 575 454 612 sese
473 558 644 612 veluti
669 557 957 611 cedentem
980 558 1361 626 insequeretur
1379 580 1392 624 3
1426 560 1507 612 ita
1526 559 1728 613 delicta
1746 560 2040 614 occultiora

330 636 463 690 fore.
534 634 755 688 Interea
794 651 893 702 per
923 634 1168 687 homines
1201 635 1424 688 callidos
1459 635 1550 689 die
1582 639 1855 706 noctuque
1887 653 2038 691 exer-

331 713 500 766 citum
525 711 864 779 temptabat;
901 711 1249 765 centuriones
1274 712 1550 780 ducesque
1574 716 1895 780 turmarum,
1918 730 2039 782 par-

279 831 284 836 .
331 790 433 843 tim
457 789 540 842 uti
563 789 971 855 transfugerent
996 804 1362 856 corrumpere,
1388 787 1482 841 alii
1513 790 1666 857 signo
1695 789 1827 842 dato
1858 789 2037 843 locum

329 866 413 918 uti
445 864 777 918 desererent.
853 865 1005 928 Quae
1036 868 1329 933 postquam
1372 882 1441 918 ex
1484 866 1758 919 sententia
1797 865 2036 935 instruit,

329 943 664 1011 intempesta
691 945 850 995 nocte
877 941 948 994 de
971 941 1264 1011 improviso
1293 942 1647 995 multitudine
1672 941 2035 996 Numidarum

331 1020 464 1073 Auli
502 1023 680 1073 castra
718 1018 1087 1072 circumvenit.
1160 1018 1368 1071 Milites
1403 1018 1647 1084 Romani,
1679 1018 1917 1087 perculsi
1950 1022 2035 1072 tu-

328 1096 509 1149 multu
536 1095 768 1163 insolito,
792 1111 945 1148 arma
969 1111 1165 1163 capere
1189 1095 1298 1162 alii,
1323 1094 1417 1148 alii
1445 1111 1503 1147 se
1528 1093 1746 1159 abdere,
1770 1111 1899 1163 pars
1921 1098 2035 1149 ter-

326 1173 466 1226 ritos
507 1173 844 1239 confirmare,
888 1171 1169 1240 trepidare
1212 1170 1461 1224 omnibus
1502 1171 1664 1236 locis3
1715 1170 1796 1224 vis
1838 1187 2034 1238 magna

327 1248 583 1316 hostium,
608 1250 816 1302 coelum
849 1252 1010 1301 nocte
1038 1251 1207 1316 atque
1237 1247 1472 1301 nubibus
1501 1246 1866 1314 obscuratum,
1890 1242 2060 1316 peri?

327 1325 510 1378 culum
542 1342 768 1394 anceps;
804 1328 1083 1393 postremo
1114 1325 1308 1392 fugere
1337 1340 1405 1376 an
1435 1340 1655 1376 manere
1686 1323 1861 1376 tutius
1889 1326 2033 1379 foret

324 1401 382 1454 in
421 1401 631 1455 incerto
669 1405 804 1455 erat.
879 1400 990 1454 Sed
1028 1418 1097 1453 ex
1140 1417 1205 1453 eo
1244 1416 1485 1467 numero,
1528 1416 1664 1467 quos
1704 1400 1865 1468 paulo
1903 1404 2031 1454 ante

324 1482 610 1546 corruptos
658 1478 910 1544 diximus,
951 1477 1144 1530 cohors
1191 1493 1299 1529 una
1346 1476 1607 1544 Ligurum
1651 1493 1774 1530 cum
1817 1476 2031 1530 duabus

322 1554 522 1607 turmis
555 1554 824 1607 Thracum
854 1558 912 1607 et
944 1553 1130 1622 paucis
1162 1553 1427 1621 gregariis
1464 1552 1728 1606 militibus
1762 1554 2029 1607 transiere

322 1631 396 1684 ad
444 1647 646 1698 regem,
685 1635 744 1684 et
783 1630 1030 1684 centurio
1073 1630 1237 1697 primi
1277 1630 1371 1698 pili
1413 1630 1614 1683 tertiae
1661 1629 1888 1697 legionis
1928 1646 2029 1698 per

322 1706 695 1773 munitionem,
722 1723 885 1774 quam
911 1706 993 1759 uti
1023 1705 1350 1759 defenderet
1372 1709 1673 1774 acceperat,
1697 1706 1876 1760 locum
1906 1707 2028 1761 hos-

322 1784 471 1838 tibus
504 1784 817 1837 introeundi
846 1783 1019 1850 dedit,
1045 1799 1219 1850 eaque
1252 1783 1524 1836 Numidae
1559 1783 1737 1836 cuncti
1762 1783 2023 1851 irrupere.

321 1860 514 1913 Nostri
552 1859 714 1913 foeda
750 1860 895 1927 fuga,
930 1859 1179 1928 plerique
1216 1858 1450 1927 abjectis
1485 1859 1665 1926 armis,
1700 1876 2027 1927 proxumum

319 1937 514 1991 collem
539 1952 885 2005 occupavere.
955 1936 1080 1988 Nox
1103 1939 1271 2003 atque
1294 1935 1500 2004 praeda
1525 1939 1825 1988 castrorum
1852 1935 2025 1989 hostis

319 2031 429 2082 quo
471 2014 650 2066 minus
687 2012 916 2066 victoria
953 2015 1244 2065 uterentur
1280 2015 1555 2064 remorata
1597 2015 1736 2064 sunt.
1810 2012 2025 2065 Deinde

318 2091 357 2144 J
362 2090 603 2158 ugurtha
625 2092 848 2159 postero
872 2087 964 2142 die
989 2105 1113 2142 cum
1134 2089 1280 2142 Aulo
1305 2089 1361 2141 in
1386 2088 1651 2155 colloquio
1677 2087 1843 2140 verba
1866 2089 2023 2143 facit:

318 2166 584 2220 “tametsi
631 2168 813 2234 ipsum
851 2181 975 2218 cum
1013 2165 1260 2218 exercitu
1308 2165 1451 2218 fame
1491 2168 1548 2217 et
1595 2163 1741 2216 ferro
1782 2163 2025 2219 clausum

317 2246 487 2309 tenet,
514 2246 698 2296 tamen
729 2258 787 2295 se
817 2258 1114 2295 memorem
1145 2241 1501 2294 humanarum
1531 2257 1732 2307 rerum,
1762 2241 1807 2293 si
1841 2258 2024 2295 secum

315 2318 509 2372 foedus
543 2319 763 2386 faceret,
801 2318 1084 2371 incolumis
1123 2318 1297 2370 omnis
1337 2317 1437 2370 sub
1466 2317 1662 2384 jugum
1700 2316 2022 2384 missurum3

315 2399 603 2464 praeterea
625 2396 710 2448 uti
733 2395 928 2448 diebus
956 2394 1147 2446 decem
1174 2394 1433 2446 Numidia
1459 2393 1799 2447 decederet.''
1871 2396 2023 2459 Quae

314 2490 642 2542 quamquam
690 2471 879 2539 gravia
919 2475 976 2524 et
1014 2470 1192 2537 flagiti
1241 2469 1404 2538 plena
1443 2473 1615 2534 erant,
1656 2474 1854 2538 tamen,
1894 2473 2021 2539 quia

314 2549 508 2603 mortis
541 2551 693 2601 metu
719 2545 1092 2613 mutabantur,
1121 2545 1281 2600 sicuti
1312 2546 1432 2613 regi
1464 2545 1740 2612 lubuerat‚
1764 2563 1873 2616 pax
1896 2565 2021 2602 con-

313 2625 477 2679 venit.

418 2709 499 2757 39.
572 2702 684 2758 Sed
714 2702 810 2757 ubi
845 2719 911 2756 ea
937 2701 1145 2755 Romae
1170 2704 1454 2770 comperta
1479 2706 1621 2769 sunt,
1648 2705 1828 2755 metus
1853 2705 2019 2771 atque

311 2795 528 2833 moeror
561 2781 838 2833 civitatem
872 2778 1132 2831 invasere.
1207 2777 1341 2831 Pars
1368 2779 1553 2832 dolere
1582 2795 1682 2846 pro
1716 2779 1891 2845 gloria
1920 2780 2019 2832 im-

309 2856 444 2925 peri,
485 2873 613 2925 pars
661 2856 880 2908 insolita
926 2870 1108 2907 rerum
1158 2853 1477 2908 bellicarum
1520 2855 1716 2907 timere
1758 2854 2016 2919 libertati,

311 2933 459 2986 Aulo
497 2948 683 2986 omnes
721 2930 920 2997 infesti,
962 2946 1024 2983 ac
1062 2947 1332 2998 maxume,
1366 2931 1460 2998 qni
1495 2929 1639 2983 bello
1669 2946 1831 2997 saepe
1867 2948 2019 2999 prae-

307 3009 444 3063 clari
467 3009 699 3073 fuerant,
723 3005 870 3073 quod
894 3010 1138 3059 armatus
1164 3006 1434 3059 dedecore
1459 3007 1640 3075 potius
1664 3022 1827 3075 quam
1851 3024 2018 3060 manu

308 3086 544 3140 salutem
577 3083 936 3153 quaesiverat.
1009 3081 1095 3134 Ob
1131 3099 1197 3135 ea
1230 3082 1413 3135 consul
1447 3082 1681 3135 Albinus
1714 3100 1783 3136 ex
1816 3083 2017 3137 delicto

308 3162 499 3216 fratris
522 3160 780 3215 invidiam
810 3176 872 3213 ac
897 3158 1098 3212 deinde
1121 3158 1421 3226 periculum
1447 3159 1645 3213 timens
1669 3164 1917 3213 senatum
1945 3159 2016 3211 de

307 3237 531 3292 foedere
563 3234 894 3300 consulebat,
930 3237 988 3289 et
1019 3237 1207 3288 tamen
1243 3233 1466 3288 interim
1497 3234 1761 3289 exercitui
1798 3233 2014 3302 supple-
