2269 3561
927 222 965 270 J
968 222 1344 271 UGURTHA.
1923 225 1984 272 95

280 303 591 356 venturum.
665 303 776 356 Sed
800 301 894 355 ubi
924 302 1074 355 illum
1100 303 1285 371 procul
1312 303 1504 355 abesse
1530 307 1587 357 et
1611 305 1729 356 aliis
1753 304 1988 372 negotiis

279 377 555 431 intentum
592 379 815 447 accepit,
851 378 1059 445 majora
1082 383 1142 431 et
1165 380 1337 446 magis
1372 397 1564 448 aspera
1597 380 1824 448 aggredi
1849 385 1988 435 tem·
2068 435 2073 439 ,

279 472 385 523 pus
410 454 580 506 visum
609 459 706 507 est.
781 454 916 507 Erat
944 454 1088 506 inter
1113 456 1351 522 ingentis
1377 455 1701 509 solitudines
1726 457 1987 526 oppidum

281 548 537 599 magnum
588 536 755 598 atquc
798 531 997 597 valens,
1040 536 1256 584 nomine
1307 533 1497 600 Capsa,
1540 532 1697 600 cujus
1740 534 1989 586 conditor

283 608 554 661 Hercules
585 606 746 673 Libys
774 606 1193 659 memorabatur.
1270 608 1404 674 Ejus
1438 608 1582 661 cives
1611 610 1758 678 apud
1789 609 1826 661 J
1831 627 1990 677 ugur-

280 686 433 740 tham
461 684 742 749 immuneS,
778 683 882 736 levi
918 684 1162 751 imperio,
1198 688 1256 737 et
1285 684 1355 736 ob
1390 701 1454 737 ea
1478 685 1797 738 fidelissumi
1823 686 1988 739 habe-

279 762 500 828 bantur,
537 760 731 812 muniti
764 760 1054 813 advorsum
1088 760 1260 813 hostis
1294 778 1398 812 non
1433 762 1714 815 moenibus
1744 763 1906 815 modo
1932 766 1988 815 et

280 839 450 892 armis
490 841 657 904 atque
697 836 844 901 viris,
885 853 1073 889 verum
1114 838 1280 889 etiam
1323 837 1495 890 multo
1536 839 1708 905 magis
1747 838 1988 892 locorum

280 915 593 985 asperitato.
668 912 812 965 Nam
846 917 1066 981 praeter
1094 913 1296 981 oppido
1330 915 1635 983 propinqua
1673 914 1778 967 alia
1810 917 1989 968 omnia

280 996 452 1059 vasta,
480 989 701 1056 inculta,
731 989 950 1057 egentia
982 1006 1167 1057 aquae,
1216 991 1415 1043 infesta
1456 990 1815 1058 serpentibus,
1856 1009 1988 1059 quo-

278 1088 403 1123 rum
427 1068 507 1121 vis
532 1067 671 1119 sicut
696 1067 933 1117 omnium
955 1066 1193 1118 ferarum
1220 1066 1401 1134 inopia
1425 1066 1531 1119 cibi
1557 1068 1760 1131 acrior3
1790 1067 1861 1120 ad
1885 1068 1988 1121 hoc

280 1150 478 1199 natura
512 1142 847 1211 serpentium
878 1144 998 1210 ipsa
1029 1143 1334 1211 perniciosa
1368 1144 1457 1196 siti
1489 1144 1662 1211 magis
1695 1161 1857 1211 quam
1884 1145 1989 1197 alia

280 1241 341 1277 re
379 1218 709 1275 accenditur.
781 1218 916 1286 Ejus
949 1218 1201 1289 potiundi
1234 1219 1470 1272 Marium
1503 1236 1757 1272 maxuma
1790 1221 1987 1289 cupido

278 1300 569 1362 invaserat,
591 1312 757 1364 quum
785 1301 1012 1364 propter
1038 1313 1196 1348 usum
1221 1295 1366 1358 belli,
1385 1301 1504 1348 tum
1529 1297 1658 1364 quia
1681 1313 1769 1349 res
1793 1314 1987 1364 aspera

279 1373 586 1439 videbatur,
621 1374 679 1424 et
717 1371 976 1424 Metellus
1016 1371 1280 1441 oppidum
1321 1372 1543 1424 Thalam
1584 1389 1779 1439 magna
1813 1372 1988 1441 gloria

278 1455 516 1521 ceperat,
544 1448 692 1502 haud
719 1439 1057 1503 dissimiliter
1091 1452 1256 1503 situm
1286 1450 1679 1517 munitumque,
1708 1450 1809 1501 nisi
1836 1451 1987 1517 quod

279 1531 424 1599 apud
446 1527 668 1579 Thalam
694 1544 800 1579 non
826 1527 987 1594 longe
1012 1544 1045 1579 a
1069 1527 1353 1579 moenibus
1379 1525 1587 1594 aliquot
1610 1527 1789 1579 fontes
1814 1530 1986 1594 erant,

281 1607 584 1676 Capsenses
611 1621 719 1657 una
744 1604 904 1655 modo
934 1608 1098 1670 atque
1125 1620 1192 1656 ea
1215 1604 1359 1656 intra
1392 1603 1652 1671 oppidum
1683 1602 1807 1671 jugi
1831 1621 1985 1671 aqua,

279 1688 466 1737 cetera
499 1681 681 1750 pluvia
705 1680 1016 1733 utebantur.
1094 1680 1165 1731 Id
1198 1679 1385 1748 ibique
1424 1684 1482 1733 et
1514 1681 1567 1733 in
1606 1681 1749 1733 omni
1779 1681 1986 1747 Africa,

280 1777 420 1831 quac
445 1758 632 1829 procul
658 1775 691 1811 a
715 1757 852 1810 mari
876 1755 1131 1809 incultius
1157 1756 1369 1825 agebat,
1396 1773 1460 1810 eo
1485 1756 1693 1810 facilius
1718 1757 1987 1810 toleraba-

279 1842 387 1904 tur,
414 1836 543 1905 quia
576 1833 851 1887 Numidae
886 1833 1209 1903 plerumque
1241 1833 1383 1887 lacte
1407 1839 1465 1887 et
1488 1834 1662 1885 ferina
1687 1850 1848 1886 carne
1873 1851 1989 1886 ves-

277 1915 556 1978 cebantur,
594 1915 651 1965 et
679 1927 859 1978 neque
894 1910 1062 1963 salem
1103 1926 1281 1978 neque
1315 1911 1419 1962 alia
1451 1910 1795 1962 irritamenta
1826 1910 1987 1976 gulae

278 1989 647 2061 quaerebant3
700 1986 854 2040 cibus
892 1987 997 2039 illis
1031 1986 1319 2038 advorsum
1368 1987 1565 2039 famem
1617 1990 1784 2053 atque
1823 1987 1987 2053 sitini,

277 2085 387 2121 non
413 2065 644 2119 lubidini
668 2080 845 2131 neque
871 2063 1117 2115 luxuriae
1143 2067 1276 2115 erat.

385 2150 466 2198 90.
543 2142 721 2209 Igitur
749 2139 933 2192 consul
966 2139 1216 2191 omnibus
1241 2137 1553 2207 exploratiS,
1580 2138 1745 2191 credo
1770 2139 1856 2192 dis
1879 2141 1987 2194 fre-

276 2225 584 2287 tuS,—nam
615 2223 806 2270 contra
843 2219 1028 2268 tantas
1065 2214 1415 2267 difficultates
1443 2214 1665 2267 consilio
1699 2217 1829 2269 satis
1862 2234 1987 2284 pio-

276 2298 468 2350 videre
492 2311 597 2348 non
624 2297 874 2359 poterat3
910 2292 1116 2361 quippe
1137 2293 1300 2345 etiam
1323 2292 1585 2344 frumenti
1610 2291 1792 2358 inopia
1817 2296 1988 2361 tcmp-

276 2374 515 2436 tabatur‚
540 2369 690 2439 quod
717 2367 990 2421 Numidae
1014 2368 1213 2436 pabulo
1238 2368 1448 2435 pecoris
1475 2368 1648 2434 magis
1668 2385 1830 2435 quam
1857 2385 1986 2422 arvo

276 2449 521 2515 student,
562 2452 620 2500 et
658 2445 1044 2515 quodcumque
1088 2450 1277 2496 natum
1318 2445 1512 2510 fuerat,
1546 2444 1706 2511 jussu
1746 2446 1890 2512 regis
1931 2447 1985 2498 in

275 2529 396 2580 loca
426 2524 637 2578 munita
670 2520 1030 2587 contulerant,
1064 2538 1198 2588 ager
1232 2525 1415 2573 autem
1457 2520 1643 2573 aridus
1677 2525 1735 2573 et
1767 2521 1985 2587 siugum

274 2620 480 2657 vacuus
518 2618 584 2655 ea
621 2602 980 2668 tempestate3
1016 2614 1143 2649 nam
1183 2598 1410 2650 aestatis
1450 2602 1758 2650 extremum
1797 2603 1987 2649 crat-

275 2685 462 2735 tamen
502 2695 600 2747 pro
639 2676 720 2729 rci
759 2676 914 2742 copia
954 2674 1085 2727 satis
1124 2674 1476 2742 providenter
1515 2677 1772 2737 exornat3
1820 2690 1986 2743 pecus

274 2773 453 2821 omne,
482 2754 629 2822 quod
664 2750 1030 2820 superioribus
1065 2750 1260 2803 diebus
1292 2749 1528 2818 praedae
1561 2750 1754 2813 fuerat,
1790 2751 1985 2817 equiti-

274 2834 382 2887 bus
415 2830 713 2884 auxiliariis
747 2828 1019 2896 agendum
1056 2827 1327 2893 attribuit,
1357 2830 1424 2880 A.
1454 2826 1716 2879 Manlium
1744 2826 1983 2893 legatum

274 2927 399 2963 cum
426 2906 740 2961 cohortibus
767 2906 1040 2975 expeditis
1071 2905 1144 2957 ad
1178 2904 1435 2972 oppidum
1468 2904 1637 2970 Laris,
1661 2902 1756 2954 ubi
1783 2903 1986 2971 stipen-

274 2986 426 3039 dium
468 2990 526 3038 et
570 2987 930 3038 commeatum
973 2982 1174 3035 locave:
1189 2986 1262 3046 at,
1303 2981 1382 3033 ire
1424 2980 1603 3047 jubet,
1644 2979 1887 3047 dicitque
1928 2997 1987 3034 se

273 3061 724 3132 praedabundum
761 3064 885 3129 post
918 3076 1118 3128 paucos
1150 3058 1268 3111 dies
1298 3058 1487 3110 eodem
1517 3061 1824 3111 venturum.
1897 3056 1986 3110 Sic

273 3139 496 3206 incepto
521 3156 618 3191 suo
637 3139 908 3191 occultato
931 3137 1113 3203 pergit
1139 3135 1208 3188 ad
1236 3136 1435 3187 flumen
1462 3136 1679 3189 Tanam.

384 3222 465 3270 91.
550 3215 808 3268 Ceterum
852 3215 907 3266 in
949 3214 1147 3266 itinere
1200 3212 1444 3280 quotidie
1504 3229 1671 3280 pecus
1720 3214 1983 3266 exercitui

274 3311 381 3366 per
419 3293 707 3357 centurias,
748 3291 880 3344 item
923 3293 1136 3345 turmas
1175 3289 1479 3359 aequaliter
1518 3289 1891 3357 distribuerat,
1930 3294 1985 3343 ct
